2716 4898
658 263 702 331 55

95 456 191 524 facile
215 461 270 524 est,
285 458 381 542 juxta
404 455 548 541 viperam
570 457 747 523 ¹securum
767 479 915 524 somnum
930 478 1037 543 agere,
1061 481 1125 526 uno
1158 465 1268 528 tamen

95 562 184 629 solor
206 584 269 644 me,
293 583 356 648 quo
379 561 510 628 fortuna
532 561 577 627 nil
601 564 749 647 accipere
773 568 883 647 potest
907 564 994 649 quod
1016 586 1082 631 non
1105 565 1206 647 dedit,
1233 573 1266 632 et

98 689 230 735 rursum
264 666 345 733 illud
386 689 458 733 cum
494 668 618 736 loenore
660 691 901 754 nonnumquam
932 671 1084 736 restituit.
1132 671 1267 738 Interim

98 773 170 840 vela
192 775 297 840 ventis
313 774 543 839 committenda
567 781 652 854 sunt,
677 781 711 841 et
727 775 814 860 quod
835 775 902 840 fors
926 775 991 841 fert
1015 775 1157 841 feramus
1173 798 1265 862 aeqno

96 881 214 959 animo,
238 878 374 944 forsitan
397 878 571 964 aliquando
594 881 777 946 meminisse
801 881 927 946 iuvabit
945 881 966 944 ².
1014 881 1180 966 Speroque
1196 881 1266 947 lore

76 991 134 1052 ¹ut
157 985 219 1052 tibi
242 985 364 1070 gratias
387 984 527 1050 referam
550 1007 610 1069 pro
634 986 778 1070 acceptis
802 987 997 1067 muneribus,
1021 986 1158 1052 historia
1180 986 1266 1052 vide-

95 1091 176 1158 licet
198 1092 397 1157 Francorum
421 1089 588 1174 Gaguini³
612 1113 709 1177 quam
733 1092 776 1156 ad
800 1093 986 1157 satietatem
1009 1090 1073 1176 legi
1096 1097 1194 1177 atque
1216 1113 1266 1158 re·

93 1196 160 1282 legi
192 1202 226 1262 et
257 1195 383 1280 pridem
414 1196 610 1263 honorandae
641 1197 821 1263 conthorali
849 1204 913 1263 tuae
946 1219 1017 1263 eam
1044 1198 1173 1279 remisi,
1203 1218 1264 1263 nec

96 1302 236 1386 despero
260 1306 294 1366 te
309 1300 388 1366 mihi
404 1301 469 1367 alia
493 1323 621 1387 quoque
639 1303 811 1370 corradere
828 1303 842 1341 4
865 1303 977 1368 adniti.
994 1303 1149 1388 Optarem
1165 1303 1264 1370 etiam

94 1408 157 1476 abs
180 1413 213 1474 te
236 1406 358 1473 habere
381 1403 462 1472 illud
484 1407 634 1488 Luciam,
668 1408 724 1474 ubi
747 1408 918 1474 Herculem
951 1428 1052 1475 aurea
1081 1415 1197 1474 catena
1228 1409 1266 1474 li-

94 1520 209 1598 gatum
233 1512 347 1579 scribit
368 1511 389 1576 ⁵.
436 1513 516 1578 Vale
546 1514 623 1598 mei,
638 1535 762 1579 memor
791 1519 824 1579 et
853 1513 977 1598 aliquid
1010 1513 1089 1578 mihi
1111 1514 1264 1581 rescribe.

93 1620 145 1686 Ex
168 1618 336 1702 Tubingen
360 1623 401 1683 22
426 1619 545 1685 Martii.
590 1620 682 1685 Anno
709 1624 803 1684 1498.

188 1728 348 1788 Gedruckt:
369 1732 383 1788 1
406 1750 446 1782 =
463 1728 495 1787 C.
512 1745 537 1787 v.
561 1747 586 1790 e.
612 1725 708 1802 diiib3
731 1730 846 1788 2=J.
864 1746 890 1788 v.
908 1746 933 1788 e.
951 1746 967 1789 e
983 1722 1028 1803 ib3
1056 1733 1131 1791 3:
1145 1729 1176 1790 C.
1193 1749 1220 1792 v.
1237 1747 1262 1791 e.

93 1835 123 1895 11
137 1833 189 1893 fol.
209 1828 278 1895 26¹³.

170 1921 205 1984 (a)
574 1919 686 1986 LXIII.
854 1977 856 1981 Α
1152 1923 1228 1972 reas.

91 2025 313 2101 Franciseus
338 2024 375 2102 S.
402 2025 593 2101 Eustachii
618 2026 793 2101 diaconus
823 2025 1032 2101 Cardinalis
1061 2024 1264 2103 Senensis⁶
1346 2099 1354 2112 ,

92 2148 349 2224 Veneranviro
369 2149 412 2223 D.
434 2149 575 2224 Ioanni
598 2149 782 2223 Reuohlin
804 2150 1005 2224 Phoroensi
1023 2149 1099 2223 LL.
1121 2148 1264 2224 doctori

593 2271 768 2346 Salutem.

196 2411 323 2477 Eximie
355 2412 489 2493 doctor,
528 2411 631 2476 amice
663 2412 925 2495 singularissime.
971 2411 1163 2496 Accepimus
1193 2409 1265 2476 lite-

171 2594 182 2639 l
211 2589 337 2658 viperam]
363 2588 498 2640 Eberhard
526 2589 571 2640 der
593 2531 718 2654 jiingeie,
746 2588 792 2639 der
821 2590 863 2638 die
891 2588 1055 2655 verwaltung
1083 2587 1130 2638 dee
1154 2589 1264 2654 herzog·

93 2679 186 2730 thunre
214 2679 277 2729 inne
303 2679 389 2740 hatte,
413 2693 462 2728 vor
487 2678 546 2728 dem
572 2676 702 2728 Reuchlin
727 2676 848 2742 gotlohen
874 2693 936 2729 war.
1011 2678 1134 2727 lforsan
1159 2682 1184 2726 et
1208 2674 1264 2726 haeo

93 2768 160 2820 olim
180 2767 331 2833 meminisse
347 2766 459 2831 juvabit.
480 2767 554 2831 virg.
574 2768 638 2816 Aen.
658 2764 705 2816 lib.
723 2768 736 2816 I
754 2781 779 2815 v.
800 2768 861 2816 203.
921 2769 935 2816 3
956 2765 1104 2832 Gaguinus]
1125 2764 1173 2814 das
1192 2764 1264 2814 werlu

94 2854 219 2909 erschien
240 2861 328 2905 auerst
345 2855 372 2903 in
392 2854 467 2904 Paris
489 2857 556 2905 rtet
575 2853 621 2904 fol.
640 2859 717 2903 unter
736 2854 793 2903 dem
814 2854 885 2904 titel:
909 2853 1099 2921 Compendium
1118 2869 1196 2920 super
1214 2853 1265 2903 ori-

93 2944 158 3012 gine
178 2949 204 2994 et
222 2943 304 3009 gestis
320 2943 482 2992 Francorum
501 2958 517 2991 a
529 2941 713 2992 Pharamundo
732 2957 815 3007 usque
835 2941 868 2991 ad
886 2959 909 2993 a.
927 2945 1003 2992 1491.
1058 2946 1075 2991 4
1094 2940 1264 3008 conthoralis]

92 3034 147 3084 Die
165 3033 236 3083 Fran
255 3029 398 3081 Reuchllns
418 3047 472 3080 war
490 3030 618 3094 nltmlich,
638 3029 763 3080 wahrend
783 3046 810 3080 er
829 3032 920 3081 seinen
941 3030 1088 3081 autenthalt
1107 3030 1134 3079 in
1153 3029 1260 3079 Heidel-

92 3123 162 3187 berg
186 3120 280 3183 nahm,
306 3120 333 3170 in
359 3120 488 3185 stuttgart
512 3118 768 3184 nurdckgeblieben‚
792 3119 845 3184 vgl.
872 3119 921 3169 den
945 3118 1017 3170 brief
1034 3119 1128 3168 Brants
1151 3120 1182 3168 13
1202 3117 1264 3168 Ian.

94 3211 165 3261 1500
185 3224 240 3259 nro.
262 3208 347 3258 LXIX
361 3207 413 3258 und
432 3207 473 3258 die
497 3206 621 3259 stellein
640 3207 842 3259 Melanchthons
862 3208 958 3270 oratio,
984 3206 1046 3256 dass
1066 3205 1111 3255 der
1133 3205 1267 3271 pfalzgref

92 3296 203 3364 Philipp
222 3297 269 3346 ibn
290 3302 343 3348 orst
362 3297 455 3347 aiehen
473 3295 550 3360 laser,
571 3312 630 3346 cum
648 3296 746 3347 diceret
762 3311 791 3346 se
811 3296 843 3345 ad
863 3295 1002 3359 conjugem
1022 3293 1115 3344 redire.
1170 3295 1185 3343 5
1205 3308 1263 3344 cor-

92 3384 196 3452 radere]
216 3401 248 3436 au
273 3384 318 3435 der
336 3401 446 3452 grossen
472 3385 596 3450 ebreuil,
622 3401 654 3435 an
678 3386 724 3436 der
747 3383 864 3436 Naukler
887 3382 1027 3443 arbeitete,
1050 3381 1105 3431 und
1130 3380 1171 3431 die
1194 3382 1262 3431 1500

92 3473 226 3526 ersehien.
265 3473 324 3539 Vgl.
353 3474 395 3523 die
418 3472 554 3538 ausgaben
589 3473 632 3523 bei
657 3473 787 3534 Potthast‚
816 3470 884 3521 Bibl.
909 3469 978 3520 med.
1002 3469 1053 3519 avi
1075 3484 1097 3519 s.
1118 3471 1178 3517 tta.
1213 3469 1264 3518 Am

93 3564 194 3629 anfang
217 3561 355 3613 derselben
378 3562 413 3612 ist
436 3561 526 3628 hdufig
549 3561 725 3627 abgedruekt:
749 3559 863 3610 «Ioannis
883 3556 1013 3608 Reuchlin
1032 3556 1189 3606 Phorccnsis
1210 3555 1263 3606 LL.

93 3651 212 3702 doctoris
235 3651 262 3699 in
284 3650 397 3700 Ioannis
422 3650 546 3701 Naucleri
568 3648 720 3700 chronicam
748 3648 885 3698 historiam
915 3646 1046 3714 praefatio.
1090 3628 1163 3696 I'Iber
1189 3630 1264 3694 ihren

91 3739 179 3790 inhalt
205 3738 259 3804 vgl.
284 3737 415 3791 Reuchlin
438 3754 459 3788 s.
485 3740 518 3788 65
543 3738 580 3803 fg.
625 3737 668 3787 Sie
693 3737 727 3788 ist
753 3737 811 3787 hier
836 3735 910 3786 nicht
935 3733 1111 3801 mitgetheilt.
1136 3732 1197 3783 weil
1223 3733 1265 3782 ihr

92 3827 178 3879 solbet
205 3826 247 3879 die
272 3825 405 3877 briefform
433 3825 506 3876 fehlt.
551 3827 607 3876 Nur
631 3826 702 3887 eine,
726 3825 769 3876 flir
796 3824 838 3874 die
862 3823 1046 3890 beziehungen
1073 3821 1203 3874 Neoklers
1231 3837 1265 3870 an

92 3915 239 3979 Reuchlin,
265 3915 389 3980 wiehtlge
413 3914 490 3965 stelle
514 3912 580 3965 hehe
605 3914 650 3964 ich
673 3913 780 3964 berver:
804 3911 872 3978 quod
896 3913 952 3979 ipse
976 3910 1108 3977 quondam
1132 3924 1181 3975 ego
1200 3922 1261 3957 mox

92 4009 173 4070 atque
192 4002 344 4063 cathedram
359 4002 611 4067 jurisconsultorum
631 4000 742 4069 adeptus
762 4015 844 4063 eram,
869 3999 902 4049 ab
925 3999 1059 4050 annalium
1082 3998 1193 4049 istorum
1216 4009 1264 4045 au·

91 4098 149 4142 tore
175 4091 319 4154 Nacoliam,
341 4091 398 4156 jam
422 4096 477 4142 tum
502 4090 665 4141 moderatore
690 4104 790 4141 summo
817 4089 958 4155 gymnasio
983 4085 1175 4152 Tubingensis‚
1203 4088 1262 4133 tan·

92 4197 172 4248 quam
195 4180 356 4230 imminentis
383 4180 443 4229 vitas
468 4195 532 4229 meae
555 4179 654 4246 remige
681 4177 714 4230 ad
742 4193 822 4228 usum
844 4177 975 4226 forensem
1010 4179 1037 4224 et
1061 4171 1094 4221 ad
1120 4170 1262 4238 popularet

87 4270 237 4335 jurgiorum
256 4268 416 4333 quaestiones
441 4283 490 4318 sua
513 4267 595 4334 ipsius
619 4282 708 4334 opera,
735 4281 787 4315 non
812 4264 909 4330 absque
932 4260 1005 4311 nullo
1029 4259 1188 4326 quandoque
1211 4259 1262 4309 im·

91 4357 181 4431 pendii
199 4357 241 4410 sui
261 4355 361 4415 auxilio
379 4356 476 4414 fuerim
494 4357 645 4410 instructus.
711 4356 726 4409 t
745 4339 817 4409 iiber
837 4353 929 4431 l'rauz,
953 4347 1071 4403 cardinal
1090 4350 1165 4414 1460,
1184 4352 1262 4423 papst
