2716 4898
232 1022 278 1088 Zn
300 1040 370 1085 nro.
394 1018 470 1085 xxl
492 1037 517 1081 s.
542 1021 584 1081 22
608 1015 649 1099 ig.
688 1014 758 1080 Von
774 1015 904 1080 Conrael
927 1015 1130 1093 Leontorius,
1153 1034 1215 1078 von
1237 1013 1304 1079 (lem

142 1125 227 1194 auch
248 1146 319 1192 uro.
342 1121 476 1190 XLVIII
499 1143 524 1187 a
551 1126 592 1186 42
616 1121 657 1203 ig.
681 1120 891 1204 gesehrieben
918 1123 976 1200 ist,
1001 1120 1087 1186 habe
1109 1119 1162 1185 ieh
1192 1119 1225 1183 in
1253 1119 1305 1184 der

143 1231 257 1298 Basler
280 1227 486 1295 bffentliehea
511 1225 691 1292 bibliothelr
715 1227 767 1306 (G.
782 1225 822 1304 ΙΙ,
840 1228 895 1303 32)
920 1231 961 1290 35
984 1225 1188 1309 autographo
1211 1224 1305 1290 brieie

141 1356 185 1402 an
215 1335 279 1402 den
312 1331 541 1399 bnebdrnelrer
572 1332 637 1396 und
670 1331 817 1396 lbrderer
846 1332 906 1397 der
935 1331 1117 1416 gelehrten‚
1147 1331 1306 1396 lohannes

143 1439 336 1517 amerbach,
359 1438 530 1522 gerunden,
554 1437 672 1501 welche
698 1437 750 1502 fiir
773 1438 825 1503 die
848 1437 1203 1521 gelehrtengesehiehte
1221 1439 1307 1522 jener

141 1547 205 1613 seit
232 1544 434 1628 ilberhaupt,
466 1543 696 1608 insbesonder·e
728 1542 781 1608 fiir
812 1543 985 1621 Reuehlin‚
1008 1543 1146 1609 manche
1177 1542 1308 1609 branch-

140 1651 220 1718 bare
244 1651 373 1716 notiaen
397 1649 515 1715 bieten.
555 1649 706 1713 Finzelne
730 1648 911 1729 derrelhen,
935 1649 1054 1714 welche
1079 1648 1162 1715 iiber
1185 1648 1239 1714 die
1261 1647 1307 1714 he-

141 1755 313 1824 briiischen
338 1755 466 1822 studies
487 1756 581 1839 jener
604 1755 681 1832 zeit,
706 1754 901 1820 wornemlieh
926 1756 985 1819 mit
1008 1753 1307 1838 beriielrsichtiguog

140 1861 316 1930 Reuchlins
324 1860 475 1937 hundam,
488 1859 590 1925 sollen
600 1860 813 1942 anderweitig
823 1860 1016 1926 rerwertlret
1026 1860 1166 1939 werden,
1173 1862 1224 1926 ein
1235 1859 1309 1926 briei

140 1968 230 2047 aber,
239 1967 298 2034 der
308 1989 365 2032 aur
375 1965 579 2031 erlrenutniss
590 1965 648 2030 ‹ler
658 1966 812 2032 awisehen
826 1965 941 2031 beiden
954 1971 1109 2031 minoem
1122 1966 1307 2033 herrsehen·

141 2073 205 2140 den
215 2071 440 2158 persiinliehen
451 2070 669 2154 beziehuugen
680 2071 1071 2156 wiehtigist,seheintmir
1080 2071 1139 2138 des
1149 2071 1306 2138 abdruelrs

140 2199 182 2244 an
198 2177 306 2243 dieser
321 2176 416 2242 stelle
432 2176 532 2241 werth
549 2199 586 2241 zu
604 2179 681 2242 sein.
728 2176 894 2242 Naehdem
910 2177 1023 2243 Leont.
1045 2177 1100 2263 (ex
1118 2178 1239 2244 Hirsan
1261 2178 1305 2243 die

140 2282 172 2350 S.
197 2282 285 2349 Petri
316 2282 358 2347 ad
382 2282 509 2347 vincula
537 2287 636 2355 1509)
661 2283 823 2349 herichtet
851 2283 922 2363 hat,
957 2282 1032 2347 dass
1056 2290 1092 2352 er
1116 2283 1199 2348 nach
1225 2284 1304 2349 einer

141 2389 256 2471 langen
280 2388 362 2454 reise
388 2410 426 2454 au
450 2409 569 2453 wasser
600 2389 665 2453 und
695 2387 771 2454 land
796 2387 878 2452 naeh
903 2388 1097 2454 Maulbromi
1121 2388 1302 2472 gelrommen

142 2494 202 2573 rei,
232 2492 322 2560 fahrt
353 2516 389 2559 er
412 2493 492 2558 lert:
525 2495 604 2559 Tum
630 2515 688 2577 ego
712 2495 860 2560 nuntium
884 2495 1016 2578 quaesiwi
1040 2494 1170 2559 domino
1194 2494 1304 2561 Joanni

141 2600 286 2685 Capnion
311 2608 347 2663 nt
371 2621 452 2684 opns
476 2599 752 2684 hieronymianum
777 2623 797 2663 a
821 2621 919 2665 manu
943 2606 1001 2665 tua
1024 2601 1180 2685 scripturn
1207 2621 1303 2666 emen-

142 2703 237 2770 daret
267 2713 301 2770 et
331 2706 480 2770 nuntium
505 2706 634 2790 quidem
664 2706 807 2791 repperi,
839 2705 896 2770 sed
929 2726 990 2770 non
1016 2727 1087 2772 esse
1112 2703 1301 2790 Stutgarrlire

141 2809 338 2896 Capnionem
363 2810 499 2877 rettulit.
548 2810 769 2876 Animadverti
792 2832 920 2896 qnoque
944 2819 1068 2896 postea,
1091 2834 1166 2877 eum
1192 2813 1303 2895 Argen·

139 2917 237 2982 torati
261 2915 391 3002 publico
416 2919 560 3001 emporio
584 2939 643 3000 per
666 2917 736 2982 dies
760 2916 1003 3001 quatuordecim
1028 2916 1226 2983 interfuisse.
1261 2917 1303 2982 ln-

139 3026 232 3086 terea
255 3041 313 3103 ego
336 3021 542 3106 Hirsaugiam
565 3023 738 3088 traductus
761 3023 867 3088 altera
890 3022 941 3088 die
960 3023 1087 3107 juvenis
1111 3022 1244 3108 quidem
1267 3022 1302 3088 ad

139 3147 190 3192 me
214 3127 332 3194 duetus
356 3127 411 3212 qui
427 3149 461 3193 se
485 3136 648 3194 assereret
665 3129 780 3194 sororii
797 3129 861 3193 mei
884 3127 978 3193 domo
995 3128 1153 3212 hospitari
1171 3150 1302 3215 eumque

139 3252 213 3298 eum
236 3232 486 3317 interrogassem
519 3241 707 3299 nosceretne
733 3233 896 3300 dominum
922 3233 1134 3320 Capnionem3
1170 3255 1302 3321 eumque

139 3339 323 3418 annuisset;
360 3339 385 3404 si
410 3338 535 3424 aliquot
558 3338 670 3405 literas
694 3361 783 3405 meas
805 3340 852 3405 illi
877 3341 1060 3425 perferret?
1105 3341 1253 3427 Cumque
1275 3338 1303 3405 id

139 3465 173 3508 se
189 3443 402 3511 libentissime
420 3452 453 3510 et
468 3446 652 3510 cautissime
670 3445 830 3512 iacturum
847 3446 1059 3530 promisisset,
1070 3446 1132 3512 sibi
1148 3454 1183 3513 et
1198 3447 1303 3514 literas

139 3556 173 3615 et
188 3550 418 3634 quaterniones
435 3559 510 3616 tuos
532 3551 575 3616 ad
592 3552 791 3635 Capnionem
806 3551 1018 3636 perferendos
1035 3553 1189 3619 commisi.
1229 3553 1303 3618 Turn

138 3676 212 3721 ecee
236 3655 381 3741 Capnion
407 3656 549 3722 erastino
580 3657 621 3721 ad
654 3658 784 3722 domum
809 3658 990 3741 Hirsaugiae
1021 3679 1116 3722 mane
1147 3659 1188 3722 ad
1214 3680 1303 3743 pran-

137 3759 225 3827 dium
261 3761 348 3826 venit
379 3769 412 3827 et
445 3783 495 3827 me
529 3763 758 3844 humanissime
793 3763 1019 3828 consalutant.
1066 3764 1302 3849 Mansimusque

135 3887 195 3950 per
225 3888 298 3933 eum
332 3867 416 3933 diem
449 3867 543 3933 simul
574 3869 677 3934 multa
708 3868 955 3935 confabulantes
984 3875 1017 3934 et
1038 3869 1244 3953 potissimum
1266 3869 1302 3934 de

133 3978 176 4037 te.
224 3971 369 4057 Cumque
403 3972 585 4038 retulissem
618 3975 646 4040 ei
677 3973 718 4067 de
748 3981 804 4041 tuo
835 3975 900 4041 divi
934 3975 1122 4061 Hieronymi
1154 3976 1302 4041 instituto

134 4077 250 4143 mirum
283 4076 316 4142 in
349 4077 479 4144 modum
514 4079 724 4164 exhylaratus
756 4087 807 4147 est
829 4081 1017 4167 addixitque
1042 4080 1120 4146 mibi
1144 4103 1179 4146 se
1208 4073 1303 4147 liben-

138 4181 261 4248 tissimo
291 4183 453 4249 factarum
485 4186 592 4251 omnia
623 4208 822 4273 quaecunque
856 4196 968 4272 posset
1001 4188 1033 4252 in
1065 4187 1222 4253 honorem
1253 4208 1302 4252 no

137 4285 232 4352 minis
261 4290 307 4353 tui
338 4298 370 4354 et
398 4290 536 4355 nominis
564 4291 626 4356 divi
650 4292 847 4376 Hieronymi.
894 4292 1038 4378 Cumque
1068 4293 1097 4358 ei
1121 4293 1301 4360 accelerato

136 4413 217 4476 opus
241 4414 311 4460 esse
336 4394 488 4461 dixissem
513 4396 626 4463 retulit
649 4419 683 4463 ss
708 4397 769 4465 hoo
792 4404 938 4484 tempore
963 4399 996 4468 in
1018 4399 1215 4467 edificandis
1230 4398 1301 4468 redi·
