2716 4898
615 250 743 316 -84

137 446 172 510 et
194 447 231 508 tu
252 438 335 508 bene
352 445 483 506 tornato
499 460 537 506 ao
553 439 634 505 mire
650 440 739 523 gravi
755 445 931 526 sanctoque
953 443 1103 523 poemate
1123 436 1297 506 illustrasti

139 545 320 614 Videbatur
350 547 428 611 mihi
456 551 552 629 pater
574 545 630 611 ille
653 544 849 628 postliminio
873 545 1095 626 renunciasse,
1123 547 1174 611 ita
1196 567 1299 612 conse·

137 654 219 734 nuit,
243 654 290 719 ita
312 672 472 737 nusquam
496 651 535 717 de
557 673 595 716 eo
612 651 732 716 mentio
747 650 940 732 habebatur,
965 650 1063 718 credo
1078 651 1182 718 facies
1199 651 1300 736 operis

112 798 116 806 ·
137 781 159 825 a
190 758 437 825 transcribendo
466 757 617 823 librarios
641 756 809 822 deterruit.
856 756 920 823 Sed
944 778 1028 822 nunc
1048 762 1182 824 tuorum
1204 756 1301 822 muni·

139 866 245 950 cipum
268 864 430 931 industria
445 863 650 929 reviviscenti
673 861 880 946 gratulantur
904 884 1023 943 omnes,
1046 864 1177 928 invitati
1193 863 1301 947 opinor

140 971 327 1039 testimonio
350 970 402 1035 vel
424 970 533 1054 potius
552 968 675 1053 judicio
698 973 766 1034 tuo.
813 968 891 1047 Quis
915 969 998 1035 enim
1016 969 1135 1035 Joanni
1149 967 1302 1034 Reuchliu

136 1077 302 1162 praeconia
324 1074 458 1140 laudum
481 1073 661 1140 celebranti
684 1095 748 1139 non
771 1074 1018 1158 acquiesceret?
1063 1074 1150 1140 Nam
1173 1095 1301 1158 persua·

138 1182 252 1249 demus
274 1179 367 1246 nobis
390 1180 579 1263 apposuisse
603 1185 636 1245 te
659 1180 749 1264 prius
774 1203 871 1265 quam
894 1181 1137 1265 imprimeretur
1152 1181 1301 1247 miniates

139 1287 268 1354 cerulas
293 1291 327 1351 et
350 1284 510 1350 calculum
533 1307 590 1350 seu
613 1291 707 1352 notas
732 1286 925 1353 doctissimae
948 1306 1062 1353 manus
1078 1292 1154 1352 tuae.
1202 1286 1301 1371 Saepe

140 1391 289 1458 volebam
324 1391 486 1475 auspicari
519 1397 625 1456 tecum
654 1392 854 1473 amiciciam,
885 1392 979 1458 testis
1010 1412 1184 1477 germanus
1218 1412 1301 1458 meus

138 1497 293 1583 principis
316 1498 443 1564 Haesiae
466 1497 679 1563 cancellarius
698 1500 723 1579 ¹,
746 1498 840 1564 testis
865 1498 1067 1577 Trittemius,
1091 1497 1189 1563 testis
1213 1497 1303 1565 Nico·

138 1602 207 1671 leos
229 1603 469 1688 Hirsaugiensie
501 1604 677 1670 monachus
699 1604 720 1668 ².
768 1604 902 1688 Semper
933 1604 1010 1670 mihi
1034 1602 1138 1669 defuit
1168 1603 1301 1683 occasio,

140 1709 321 1776 doctrinam
349 1711 433 1776 enim
465 1716 556 1776 tuam
580 1708 775 1793 singularem
798 1716 832 1775 et
853 1730 1043 1793 generosam
1066 1708 1257 1775 facundiam
1271 1714 1300 1775 et

138 1814 338 1899 infatigabile
361 1815 505 1881 studium
528 1814 716 1898 amplector,
740 1816 892 1895 admiror,
914 1815 1066 1899 praedico.
1113 1815 1215 1880 Brevi
1238 1814 1302 1880 fore

140 1941 251 2004 spero,
275 1925 312 1986 ut
335 1921 423 2005 quod
446 1919 569 1986 Picus³
591 1921 822 2004 pollicebatur,
852 1927 888 1987 tu
917 1920 1111 1987 examussim
1144 1918 1303 2006 perficias,

140 2029 269 2090 tantum
300 2024 343 2090 ab
366 2024 568 2091 humanitate
600 2032 657 2092 tua
688 2032 781 2110 peto,
814 2032 851 2092 ut
874 2026 1056 2093 Mutianum
1086 2027 1135 2092 tui
1169 2026 1303 2093 nominis

141 2135 240 2213 atque
263 2130 394 2196 honoris
419 2131 600 2197 studiosum
623 2131 656 2196 in
680 2132 791 2198 album
814 2132 991 2198 amicorum
1015 2131 1165 2215 recipias.
1213 2131 1302 2198 Etsi

143 2240 240 2300 vacat
262 2235 369 2301 indica
390 2236 469 2302 mihi
485 2237 616 2302 nomina
638 2237 793 2303 librorum
815 2258 896 2322 quos
911 2238 1068 2304 hactenus
1084 2236 1305 2322 invulgaveria

141 2340 229 2406 Bene
246 2341 366 2423 valeas,
391 2342 489 2408 decus
513 2343 617 2408 omnis
641 2343 822 2408 literaturae
837 2364 876 2409 ac
893 2344 1081 2427 sapientiae.
1126 2345 1177 2409 Ex
1202 2341 1305 2410 Gotba

140 2444 377 2532 Thuringorum
400 2449 445 2515 ad
468 2447 536 2514 Cal.
563 2447 721 2514 Octobres
748 2454 842 2516 1503.

233 2572 393 2634 Gedruckt:
421 2580 436 2634 1
457 2596 498 2628 =
518 2573 549 2634 Ο.
567 2590 594 2634 v.
612 2591 637 2634 e.
660 2569 748 2649 h4b;
774 2577 852 2633 2:
867 2574 895 2636 J.
912 2592 940 2636 v.
956 2593 981 2637 e.
998 2576 1009 2634 l
1024 2576 1069 2650 iii;
1096 2578 1176 2636 3:
1192 2575 1225 2639 0.
1241 2593 1267 2637 v.
1283 2592 1306 2637 e.

141 2676 236 2741 11501.
256 2675 315 2740 651)
331 2697 373 2756 sq.

721 2869 740 2911 ’l

139 2995 313 3050 stacta
331 2997 378 3050 bll.
395 2999 422 3048 in
435 2999 481 3052 fol.
519 3001 569 3052 Am
589 3000 666 3055 ende:
686 3000 855 3066 Phorpheim.
875 3003 901 3054 in
922 3003 1024 3055 adibus
1042 3003 1144 3055 Thomu
1163 3002 1307 3055 anshelmi.

138 3085 234 3136 Martio
257 3101 347 3136 mense
370 3087 488 3139 M.D.lll.
516 3088 569 3140 Sub
593 3089 693 3139 illustri
716 3093 834 3158 principe
861 3093 1023 3144 christoforo
1050 3089 1141 3143 Bndeii
1167 3093 1239 3159 (roth
1266 3107 1307 3159 ge-

138 3172 252 3238 druckt).
288 3176 329 3225 Aa
349 3179 378 3224 2⁸
396 3177 466 3225 steht
485 3177 527 3226 ein
553 3177 661 3243 godicht
681 3180 837 3231 Reuohlins:
861 3180 902 3232 Ad
920 3182 1049 3233 Thomam
1067 3180 1244 3233 anshelmum
1263 3182 1309 3231 im·

138 3277 284 3329 pressorem
303 3263 329 3311 in
349 3262 455 3314 laudem
474 3265 576 3316 Reburri
596 3266 627 3316 de
647 3275 738 3319 sancta
757 3283 834 3320 cruce
852 3285 971 3336 apenos,
996 3269 1044 3322 das
1062 3285 1092 3321 so
1111 3271 1236 3337 beginnt:
1262 3270 1310 3320 Te·

139 3357 191 3400 ruet
209 3356 245 3412 ct,
270 3350 418 3417 oThoma,
441 3361 533 3421 reputo
558 3355 727 3421 Phorcenque
751 3356 868 3422 beatam,
888 3359 894 3425 Ι
911 3359 986 3422 Quod
1008 3375 1054 3426 per
1082 3373 1131 3411 vos
1151 3358 1257 3409 Rabaui
1281 3357 1310 3409 dc

138 3453 215 3490 cruce
241 3438 326 3506 fulget
350 3442 448 3508 opus}
475 3443 580 3493 Semina
606 3444 739 3495 scribendi
770 3447 879 3499 redeunt
906 3447 1026 3515 dispersa
1049 3463 1096 3514 per
1122 3446 1215 3498 orbem
1235 3446 1241 3514 Ι
1261 3447 1311 3497 Ars

137 3543 215 3593 quam
234 3529 351 3578 venturis
370 3529 511 3580 occuluere
531 3539 618 3597 patres
636 3533 640 3598 Ι
656 3534 711 3584 und
730 3534 820 3585 endet:
846 3535 932 3598 Quare
958 3537 1028 3603 agite
1047 3534 1125 3605 ambo
1146 3534 1198 3587 duo
1221 3534 1311 3587 titulos

138 3616 263 3666 crescatis
283 3616 311 3665 in
330 3617 397 3668 altos
413 3619 418 3684 Ι
436 3619 494 3669 Hoc
519 3619 576 3669 eolo
597 3623 698 3672 Rabani
722 3623 899 3689 splendidiore
924 3624 1007 3689 libro;
1029 3624 1191 3692 {anshelmi
1211 3624 1314 3676 Thema

139 3702 185 3768 qui
203 3701 307 3755 chartas
327 3705 454 3772 imprimis
474 3713 537 3770 arte,
554 3709 559 3774 Ι
575 3709 667 3773 Tuque
687 3711 765 3762 simul
784 3711 899 3776 Phorce,
919 3713 977 3765 forre
996 3719 1023 3764 et
1040 3713 1114 3780 origo
1134 3714 1199 3778 mei3
1215 3714 1221 3782 Ι
1237 3712 1314 3776 Urbs,

140 3791 224 3842 honor
242 3792 382 3861 artificum,
407 3795 565 3847 fabricatrix
583 3797 749 3864 ingeniorum
765 3801 771 3868 Ι
787 3799 810 3852 0
835 3799 930 3866 decus,
956 3818 972 3853 o
991 3802 1094 3852 Rabaui
1112 3803 1175 3853 vive
1194 3800 1314 3854 secunda

139 3894 243 3948 parens.

213 3989 224 4036 1
246 3985 396 4054 germanus]
415 3985 470 4054 vgl.
498 3984 593 4040 Straub
612 4005 633 4041 s.
654 3996 687 4042 42
713 3992 766 4044 und
790 3993 1061 4060 Kampschulte1,e.
1082 3995 1124 4066 75,
1200 3995 1315 4048 tilica·

138 4069 209 4140 laus]
229 4073 361 4126 Baeollius
381 4075 434 4140 vgl.
458 4075 526 4126 oben
549 4079 664 4146 ltSept.
687 4082 753 4131 1501
774 4098 829 4133 nro.
850 4082 958 4135 LXXX.
995 4083 1049 4133 Fv'ir
1067 4083 1109 4134 die
1132 4083 1317 4136 frenndsohsft

138 4160 255 4211 Matiane
275 4163 322 4213 mit
341 4163 477 4214 Basollius
495 4164 569 4215 kann
590 4167 634 4217 ioh
658 4176 733 4220 sonet
757 4171 819 4222 hein
840 4172 964 4237 aeugniss
983 4171 1121 4223 anffthren.
1197 4174 1213 4223 3
1234 4172 1316 4224 Ptku·

140 4263 192 4299 von
210 4250 371 4314 Mirandula,
398 4249 444 4304 der
468 4253 495 4302 in
520 4251 567 4304 der
585 4255 752 4310 kabbslistilr
775 4261 817 4310 fiir
835 4260 982 4312 Reucblins
1006 4265 1157 4329 vorgtnger
1176 4263 1226 4314 mit
1243 4262 1317 4314 recht

140 4338 291 4404 augessberr
309 4337 405 4392 warde.
