2716 4898
612 318 808 386 207.

73 506 302 575 ninterniones
332 507 569 594 deposnerunt,
598 513 637 574 ut
664 529 810 575 seorsum
840 510 881 576 de
909 511 1043 578 consilio
1066 532 1139 579 meo
1162 530 1227 578 non

73 613 223 681 eclarato
247 620 440 682 tractarent.
485 615 528 680 Et
549 614 598 679 ita
620 614 713 681 nobis
737 635 866 699 quoque
889 616 1028 683 confessi
1051 623 1127 685 aaut
1142 637 1227 684 com·

73 719 198 786 rissarii
216 721 354 806 judices,
379 719 466 806 qnod
489 720 522 785 in
546 740 700 804 processu
724 721 788 786 isto
811 718 933 788 nullam
956 722 1098 788 viderint
1121 723 1228 789 decla

73 825 225 907 adonem,
249 826 307 894 sed
331 826 375 892 sit
389 830 561 910 processus
583 847 681 910 super
696 827 783 891 nudo
799 826 942 893 consilio.
989 826 1067 907 Quis
1084 849 1226 913 unquam

91 930 190 998 libris
213 931 385 1016 Augustini
408 931 546 998 removit
568 932 819 998 retractationes
851 953 928 998 suas
960 938 1059 1017 atque
1083 934 1228 999 declara-

73 1036 181 1103 iones?
227 1037 306 1117 Quis
330 1059 350 1104 a
373 1042 482 1104 vetere
506 1037 715 1103 Testamento
738 1059 855 1103 novum
888 1036 1061 1121 deposuit?
1107 1037 1228 1118 Quisa

73 1140 180 1209 Fboma
208 1142 249 1209 de
274 1143 402 1228 Aquino
426 1142 620 1227 capreolum
651 1144 857 1228 segregavit?
903 1143 982 1223 Quis
1012 1144 1044 1209 in
1070 1145 1144 1229 jure
1167 1144 1227 1210 Co·

73 1246 160 1314 licem
184 1270 204 1315 a
228 1249 370 1334 Digestis
393 1249 526 1315 exulare
550 1248 648 1314 fecit?
693 1249 772 1327 Quis
804 1269 946 1333 unquam
970 1249 1227 1316 declarationem

73 1353 268 1422 edeolarato
288 1356 478 1439 separarit?
499 1360 620 1440 praeter
642 1353 700 1420 hos
724 1353 808 1420 solos
831 1354 1052 1439 theologistas.

145 1460 255 1538 Quare
275 1459 423 1529 obsecro
453 1466 496 1541 te,
528 1465 566 1526 ut
596 1459 664 1525 haec
696 1461 820 1543 scripta
847 1479 922 1526 mea
951 1462 1079 1546 egregio
1103 1461 1228 1528 doctori

73 1563 248 1632 Sebastiano
271 1566 375 1632 Brant
397 1565 613 1633 communices
637 1571 671 1631 et
692 1565 820 1631 caeteris
844 1565 1041 1632 doctissimis
1065 1567 1143 1633 viris
1160 1573 1228 1633 tam

72 1669 285 1757 lntheologia,
307 1693 404 1758 quam
426 1672 461 1737 in
479 1673 563 1757 jure,
587 1692 724 1757 oresque
747 1692 819 1736 meo
835 1670 981 1752 nomine,
1004 1676 1042 1736 ut
1062 1671 1227 1756 judicent:

77 1775 162 1854 „sitne
185 1778 342 1863 praefatus
364 1799 536 1864 processus
558 1778 629 1862 ipso
647 1779 722 1862 jure
745 1777 862 1856 nullus,
894 1797 935 1842 an
960 1797 1036 1843 vero
1060 1776 1229 1843 adnullan-

74 1879 158 1949 dus?“
203 1884 330 1951 Deinde
354 1884 441 1970 quod
463 1883 688 1969 theologorum
711 1890 745 1950 et
764 1882 960 1968 ¹iuristsrum
984 1883 1063 1949 erit:
1090 1882 1228 1964 „Utrum

74 1980 185 2057 libellus
207 1996 494 2076 quantumcunque
517 1991 663 2075 ineptus,
686 1995 796 2055 tamen
819 2010 856 2055 re
880 1988 989 2056 adhuc
1017 1989 1147 2073 integra
1169 2009 1229 2073 per

75 2088 161 2175 im
180 2095 384 2164 libellantem
406 2097 455 2162 ita
477 2096 671 2163 sufficienter
694 2095 896 2176 declaratus,
923 2100 960 2161 ut
982 2095 1103 2161 nemini
1125 2095 1229 2180 possit

75 2212 130 2268 tus
149 2203 281 2269 nocivus
306 2209 340 2269 et
363 2201 534 2269 offensirus
559 2202 662 2268 etita
685 2223 749 2267 uno
774 2207 808 2266 et
831 2200 948 2268 eedem
965 2206 1111 2285 tempore
1128 2208 1228 2285 atque

75 2297 178 2376 inerino
200 2308 298 2374 simul
321 2329 457 2394 corpore
481 2307 588 2375 editus
611 2328 651 2373 ac
673 2307 868 2392 publicatus,
890 2307 995 2391 possit
1017 2305 1057 2372 de
1077 2307 1150 2390 jure
1174 2327 1224 2372 se-

74 2413 196 2491 miim
231 2414 373 2498 discerpi
396 2420 430 2480 et
452 2419 580 2481 remota
601 2413 822 2480 declaratione
845 2411 1016 2478 sufficienti
1038 2411 1071 2477 in
1095 2411 1220 2496 reliquo

75 2517 144 2586 ledo
178 2525 213 2587 et
245 2521 385 2605 spoliato
420 2519 576 2586 dentibus
606 2519 745 2587 lacerari
779 2538 818 2583 ac
852 2517 980 2602 ignibus
1003 2516 1091 2582 tradi
1113 2517 1146 2581 in
1170 2517 1220 2582 sni

74 2626 181 2692 mtoiis
216 2625 393 2693 maximum
429 2624 652 2711 prejudicium
687 2630 721 2691 et
760 2623 983 2707 gravissimum
1006 2614 1218 2688 damnum?“

72 2716 127 2797 Β
153 2731 351 2816 quaestiones
384 2731 497 2797 amicis
525 2731 646 2798 nostris
676 2751 736 2815 per
758 2729 885 2796 litteras
914 2727 1056 2813 digneris
1083 2728 1223 2808 mittere,

72 2834 228 2904 uleonum
250 2836 473 2905 conclusiones
495 2858 547 2903 me
570 2858 635 2903 non
657 2837 791 2903 lateant.
832 2835 976 2903 Obsecro
999 2854 1058 2919 per
1081 2839 1225 2900 veterem

71 2922 200 3015 btram
228 2940 414 3009 amicitiam.
461 2943 558 3023 Vale,
588 2964 628 3008 ex
652 2940 857 3026 Stuttgardia
886 2941 920 3005 in
951 2939 1003 3004 die
1033 2937 1064 3005 S.
1089 2939 1248 3007 Andreae·

72 3130 75 3139 .
130 3067 149 3115 o
177 3053 335 3143 lbldgaa'·

72 3144 119 3255 *3
213 3192 217 3201 .
400 3206 402 3210 ,
684 3135 757 3202 Joh.
782 3136 940 3203 Reuchlin
964 3135 1026 3200 LL.
1051 3135 1184 3201 Doctor.

142 3252 306 3335 Gemuit:
328 3260 342 3315 1
361 3274 403 3313 =
418 3255 526 3331 Majns,
542 3254 602 3316 rita
616 3254 768 3314 Reuchlini
784 3271 808 3315 s.
827 3257 890 3315 390
907 3254 950 3314 bis
967 3255 1030 3312 397
1050 3250 1072 3309 ¹.

123 3510 298 3598 [sentietur
558 3439 727 3506 CLXXVI'
1029 3521 1051 3591 [1
1066 3521 1194 3592 rorem

71 3611 185 3694 lemm
202 3617 388 3692 frommen
406 3616 512 3692 unnd
531 3616 754 3692 eerenfesten
772 3612 925 3690 Meister
938 3611 1120 3687 Hannsen
1136 3611 1227 3687 Am-

71 3740 260 3840 serbaeh,
284 3740 532 3816 buchtrucker
571 3768 618 3815 zu
645 3739 756 3814 Basel
784 3740 922 3813 minem
954 3747 1068 3837 guten
1100 3733 1230 3810 friindt

485 3863 560 3968 [Jo.
588 3859 799 3965 Reuchlin].

140 4014 210 4081 Min
233 4013 330 4100 uillig
344 4014 452 4081 dienst
467 4036 574 4096 curor,
596 4011 701 4080 lieber
716 4012 852 4079 maister
870 4012 983 4079 Hanns
1003 4008 1228 4091 Ammerbach,

624 4122 643 4158 bl·

126 4197 138 4244 1
160 4192 248 4260 Majua
260 4192 321 4261 gibt
345 4191 421 4245 nicht
439 4208 485 4258 an,
510 4192 599 4244 woher
611 4207 640 4243 cr
657 4190 747 4242 diesen
760 4188 832 4241 brief
847 4205 1002 4258 genomrnen
1021 4190 1076 4242 hat.
1148 4193 1162 4239 ²
1182 4187 1229 4239 Ich

70 4289 123 4334 stac
142 4282 194 4334 den
206 4281 373 4333 undatierten
387 4283 458 4334 brief
472 4282 499 4330 in
513 4280 601 4332 dieses
615 4280 684 4344 jahr,
703 4278 756 4330 ond
775 4278 850 4329 nicht
862 4279 960 4343 frither,
979 4278 1039 4330 weil
1051 4277 1109 4330 sich
1128 4278 1155 4327 in
1174 4277 1229 4328 ihm

70 4370 173 4423 llenbar
195 4369 265 4423 noch
292 4370 336 4423 dic
361 4373 555 4437 veratimrnnng
573 4385 607 4420 an
626 4368 760 4420 crlreunen
779 4366 852 4434 gibt,
881 4368 960 4419 deren
983 4367 1069 4434 grund
1097 4381 1145 4419 aue
1170 4365 1230 4419 dem

70 4460 134 4512 risle
152 4475 213 4512 rom
232 4462 265 4512 st
287 4459 357 4526 Aug.
380 4459 446 4511 11511
467 4456 622 4512 creichtlioh
641 4458 685 4509 ist.
722 4458 748 4509 S.
768 4471 792 4508 o.
811 4472 867 4508 nro.
888 4453 968 4508 ctu.
