2716 4898
623 295 686 360 109

608 485 687 552 cvr.
722 566 725 572 ,

130 571 273 638 stuttgart.
1046 576 1099 627 Mai
1122 577 1197 628 1509.

111 677 138 752 J
141 704 282 752 oannes
310 678 492 753 Reuchlin
510 678 728 753 Phorcensis
758 677 834 752 LL.
866 677 994 753 doctor
1021 680 1178 755 Nicolao

455 800 642 902 Ellenbog
669 803 836 901 salutem.

113 1015 116 1021 .
152 965 203 1030 Ad
233 965 347 1030 literas
379 970 452 1031 tuas
484 987 594 1032 amore
626 965 771 1031 literario
801 966 1005 1050 plenissimas
1041 974 1074 1033 et
1103 967 1234 1053 quidem

70 1091 163 1155 rnpra
187 1091 284 1155 quam
307 1071 341 1135 in
363 1072 432 1138 viro
456 1072 633 1137 monastico
658 1073 844 1156 quaesissem
867 1078 973 1138 tersas
997 1079 1094 1157 atqua
1116 1074 1234 1158 politas

71 1174 263 1260 respondere
286 1182 431 1242 moratus
456 1198 545 1255 sum,
569 1177 613 1241 mi
636 1176 752 1242 Cubite
779 1179 806 1256 ¹,
830 1198 891 1242 non
917 1184 1049 1262 torpore
1072 1178 1153 1258 ullo,
1176 1179 1234 1245 sed

71 1288 243 1365 occupatus
266 1283 315 1346 rei
337 1281 507 1348 familiaris
530 1288 580 1348 tot
603 1288 636 1348 et
658 1284 760 1347 tantis
783 1282 949 1349 molestiis.
994 1286 1099 1370 Atque
1122 1306 1235 1350 vereor

71 1408 150 1453 nunc
174 1394 278 1466 certe,
302 1408 342 1452 ne
365 1393 401 1453 tu
425 1408 476 1452 ma
500 1387 672 1454 confestim
700 1387 928 1472 philosophum
952 1389 1107 1473 abjecisse
1130 1396 1235 1474 putes,

71 1493 121 1578 qui
158 1492 396 1578 philosophiam
419 1494 527 1576 patiar
550 1492 736 1559 mortalium
772 1515 881 1559 rerum
906 1501 971 1561 tam
1004 1496 1117 1561 vilibus
1149 1497 1234 1562 curis

71 1599 215 1684 opprimi.
261 1599 459 1664 Faciundum
483 1598 562 1679 fuit,
596 1599 730 1665 Nicolae
760 1607 794 1664 st
822 1600 848 1664 si
872 1601 1077 1683 Pripateticis
1100 1601 1235 1666 assenti-

71 1725 152 1785 mur,
186 1703 449 1788 quandoquidem
484 1706 622 1770 materia
645 1705 793 1788 procedit
824 1704 974 1784 sormam,
1006 1705 1151 1789 paranda
1173 1705 1235 1771 fuit

71 1809 226 1876 hactenus
250 1810 427 1876 domestica
451 1811 597 1890 materia,
620 1816 658 1875 ut
689 1810 765 1875 iude
794 1810 1075 1894 contemplationis
1098 1811 1235 1877 formam

71 1914 190 1981 leviore
206 1916 349 1981 transitu
368 1916 588 1982 edoceremus.
621 1916 704 1994 Quid
720 1916 801 1981 illud
817 1918 892 1982 est?
915 1917 1009 1982 Audi.
1048 1917 1127 1982 Cum
1143 1916 1236 1981 aunis

71 2021 291 2106 superioribus
316 2021 453 2087 multum
476 2029 694 2106 egrotassem,
718 2022 949 2089 consuluerunt
971 2023 1086 2088 medici
1111 2030 1145 2087 et
1166 2022 1236 2088 illo·

72 2148 139 2192 rum
171 2127 323 2210 princeps
347 2127 501 2194 Stocarus
525 2129 554 2206 ²,
582 2135 620 2194 ut
642 2128 729 2193 illico
754 2132 841 2194 erem
864 2135 1034 2195 mutarem.
1073 2129 1171 2213 Coepi
1195 2149 1235 2192 ex

72 2232 199 2297 urbano
215 2230 286 2297 fieri
309 2233 461 2298 rusticus.
501 2234 594 2312 Quod
617 2234 712 2299 facile
736 2235 856 2299 factum
882 2240 962 2314 erat,
986 2235 1133 2318 qnoniam
1156 2233 1236 2298 mihi

72 2338 232 2421 praedium
260 2339 293 2402 in
323 2339 519 2405 suburbanis
544 2345 639 2404 esset.
687 2340 749 2404 Ubi
779 2340 840 2406 hoc
868 2340 970 2405 ferme
994 2340 1156 2405 biennium
1187 2340 1236 2404 ita

72 2442 273 2509 aedificando
304 2445 504 2529 consumpsi,
535 2451 635 2510 utne
659 2445 749 2510 libris
773 2445 873 2510 ullum
897 2445 1096 2530 reliquissem
1120 2443 1236 2524 locum,

72 2569 144 2614 nam
171 2549 400 2615 bibliothecam
425 2552 457 2615 iu
480 2552 561 2617 urbe
586 2550 703 2630 dimisi,
729 2572 787 2634 ego
811 2557 920 2617 autem
946 2571 1000 2614 rus
1024 2550 1145 2615 habito.
1192 2549 1236 2613 Et

72 2675 174 2740 usque
198 2655 261 2720 huc
276 2657 362 2721 iuter
384 2677 435 2721 me
453 2662 552 2740 atque
569 2652 676 2722 libros'
685 2657 831 2725 odiosum
848 2660 1037 2739 perseverat
1053 2653 1235 2731 divortium,

72 2768 106 2826 nt
136 2782 197 2826 nec
230 2762 290 2827 tibi
322 2783 380 2827 neo
407 2762 504 2827 alicui
535 2762 632 2827 alteri
663 2760 759 2828 docto
789 2763 856 2828 viro
890 2761 972 2826 satis
996 2782 1053 2844 pro
1077 2759 1236 2841 dignitate

72 2867 247 2951 quicquam
272 2867 414 2933 scribere
438 2868 570 2952 possim.
618 2868 764 2932 Accessit
787 2873 881 2932 tanta
905 2867 1106 2932 literatorum
1130 2865 1237 2948 iugra-

73 2972 190 3051 titudo,
221 2993 318 3056 quam
351 2972 504 3039 librarius
538 2973 687 3057 queritur
715 2974 770 3057 qui
799 2993 932 3056 operum
962 2977 1143 3037 nostrorum
1166 2976 1236 3035 tam

73 3098 167 3144 raros
197 3078 341 3144 invenire
369 3101 404 3144 sc
432 3080 480 3144 ait
509 3086 707 3145 mercatores
738 3101 776 3144 ac
804 3099 885 3163 pene
916 3078 1091 3143 licitatores
1120 3075 1236 3155 nullos,

73 3189 107 3248 ut
142 3183 255 3250 mallet
285 3185 571 3268 Autegameratum
606 3184 619 3223 ⁸
651 3185 807 3270 aliquem,
842 3189 899 3249 aut
929 3203 1029 3267 parva
1051 3180 1237 3266 logicalia⁴

73 3289 231 3355 Maulfeld
258 3291 469 3374 impressisse.
517 3291 610 3358 Unde
643 3292 750 3357 factus
780 3311 850 3356 sum
874 3294 923 3370 (ut
950 3309 1026 3353 vera
1048 3283 1168 3372 fatear)
1192 3286 1237 3352 ad

73 3394 191 3461 altiora
212 3396 466 3480 componendum
490 3396 624 3462 tardior.
671 3398 792 3481 Parata
817 3416 891 3460 vero
907 3393 1102 3458 Accademia
1124 3397 1236 3457 nostro

73 3500 103 3566 in
126 3502 209 3581 loco,
233 3523 304 3567 cum
330 3502 448 3569 litteris
473 3503 587 3590 redibo
610 3504 642 3567 iu
666 3503 805 3586 gratiam
829 3506 862 3565 et
882 3501 986 3583 majus
1003 3519 1082 3582 opus
1099 3496 1237 3562 movebo

73 3608 255 3674 volentibus
279 3609 340 3673 diis
364 3607 562 3694 deorumque
586 3610 708 3692 optimo
732 3607 871 3672 maximo
895 3605 995 3670 Jhesu
1016 3625 1091 3687 rege
1114 3609 1235 3669 nostro.

161 3714 226 3780 Sed
258 3720 296 3778 ut
326 3714 369 3780 ad
404 3722 477 3781 tuas
522 3716 730 3800 quaestiones
766 3713 901 3777 veniam.
956 3711 1117 3794 Thargum
1154 3709 1239 3775 thal·

74 3819 203 3888 mudica
226 3819 325 3887 dictio
349 3827 408 3900 est,
433 3843 496 3886 non
520 3821 683 3900 hebraica,
707 3819 784 3885 licet
808 3816 980 3883 admodum
998 3817 1156 3906 Hebraeis
1172 3817 1236 3882 usi-

74 3933 142 4020 tata
179 3934 214 3993 et
249 3926 407 4010 significat
437 3927 737 4012 interpretationem
771 3924 979 3992 chaldaicam.
1033 3926 1081 3990 De
1121 3920 1237 3988 cabala

644 4057 661 4095 ²8

145 4155 154 4200 1
177 4147 258 4200 Dissu
277 4147 447 4215 latinisirung
467 4146 511 4200 das
535 4163 643 4201 nameus
667 4147 730 4198 wird
753 4161 804 4198 von
828 4145 958 4212 Ellonbog
977 4143 1037 4197 sehr
1055 4144 1139 4196 sellan
1159 4157 1237 4208 ange·

74 4237 180 4290 wandel.
243 4242 257 4288 2
279 4238 338 4304 Vgl.
358 4237 407 4289 den
428 4238 498 4288 brier
513 4254 545 4288 an
567 4239 620 4301 ihu,
640 4237 705 4288 ende
728 4240 803 4287 1512.
871 4239 885 4285 3
906 4221 977 4286 liber
996 4233 1039 4283 dis
1058 4231 1152 4282 schrift
1169 4230 1238 4282 habe

74 4327 115 4378 iah
134 4326 222 4377 weder
238 4326 281 4377 bei
296 4327 365 4376 Haiu
384 4326 452 4377 noch
464 4329 564 4378 Panzer
583 4326 674 4393 irgend
696 4327 754 4376 eine
773 4326 845 4376 notia
864 4323 950 4374 finden
970 4325 1086 4373 kbnucn.
1142 4320 1238 4371 4Par·

74 4416 150 4469 rulus
169 4415 266 4483 logica
283 4431 304 4468 s.
323 4416 407 4480 Hain,
434 4415 615 4483 Repertorium
632 4412 875 4482 bibliograpbicum
893 4427 951 4464 nro.
973 4412 1059 4462 12430
1078 4407 1120 4462 bie
1142 4410 1238 4487 11131.
