2716 4898
649 285 712 353 123

627 493 721 559 CXV.

163 603 315 670 Tiibingen.
1001 611 1031 658 19
1052 608 1125 659 murz
1147 608 1224 661 1610.

255 694 421 768 Joauues
447 678 631 771 Reuchlin
658 693 816 770 Nicolao
844 693 1033 794 Ellenbog
1060 696 1097 772 S.

182 832 387 898 Venerabilis
424 833 531 899 Pater.
588 834 747 901 Memoria
790 840 886 900 teneo
922 833 1091 900 reverendi
1128 834 1258 902 abbatis

90 939 198 1004 nostri
221 944 256 1003 et
281 940 292 977 ¹
315 944 408 1004 tuum
437 940 626 1005 mandatum
653 961 753 1023 supra
781 939 891 1024 lingua
918 939 974 1005 illa
1003 946 1134 1021 sancta,
1162 963 1259 1026 quam

92 1045 225 1110 Hebraei
257 1055 370 1114 uvion
388 1037 458 1119 qimi
489 1046 657 1130 appellant
684 1046 740 1131 qni
764 1068 815 1111 me
842 1045 1061 1112 hortabamini
1089 1046 1259 1131 diligenter

91 1151 292 1237 perquirere,
320 1154 377 1220 ubi
392 1161 504 1240 posset
518 1150 667 1218 hebraeus
683 1151 854 1237 neophitus
870 1159 904 1216 et
926 1152 958 1215 in
981 1150 1045 1217 fide
1069 1157 1181 1218 nostra
1202 1152 1260 1217 ini-

92 1259 195 1324 tiatus
222 1258 338 1325 haberi
366 1261 423 1345 qui
451 1259 540 1345 apud
567 1279 623 1324 vos
645 1258 719 1323 istic
742 1257 912 1323 literarum
935 1256 1163 1324 hebraicarum
1186 1279 1260 1343 pro-

92 1365 331 1431 nuntiationem
358 1366 499 1432 dooeret.
545 1363 657 1430 Laudo
686 1363 870 1429 institutum
900 1370 1043 1429 vestrum
1079 1370 1112 1429 et
1140 1364 1168 1430 si
1199 1386 1260 1448 par

91 1491 220 1535 mecum
248 1471 338 1537 vobis
371 1481 421 1537 est
449 1472 590 1551 animus,
622 1475 758 1554 urgente
787 1468 943 1549 veritate,
967 1468 1154 1536 confidebor
1182 1475 1259 1536 tuae

94 1575 273 1660 dignationi
297 1584 458 1643 secretum
481 1597 596 1642 meum.

181 1683 340 1760 Quoniam
362 1684 410 1748 ita
433 1705 485 1748 me
508 1683 597 1748 Deus
621 1681 762 1765 optimus
790 1679 948 1745 maximus
971 1686 1073 1760 amet,
1103 1685 1179 1764 post
1206 1703 1260 1746 va-

90 1790 215 1853 riarum
245 1786 420 1854 lectionum
449 1789 670 1873 experimenta
699 1783 779 1848 nihil
803 1805 842 1848 ex
866 1785 1013 1851 omnibus
1038 1787 1153 1869 linguis
1177 1809 1259 1871 quas

90 1894 192 1959 didici
219 1894 291 1978 plus
318 1916 369 1959 me
401 1894 462 1959 deo
493 1893 658 1978 conjungit
694 1911 792 1975 quam
816 1910 982 1955 sacrarum
1014 1890 1183 1958 literarum
1205 1893 1260 1958 he-

92 2000 208 2065 braica
231 2000 431 2065 exercitatio.
478 1999 613 2082 Semper
629 1998 713 2062 enim
729 1997 865 2081 legendo
881 1995 1032 2062 hebraice
1049 1997 1161 2063 videor
1181 1998 1259 2063 mihi

90 2106 203 2170 videre
227 2105 323 2170 deum
345 2105 451 2190 ipsum
474 2105 676 2190 loquentem,
705 2124 777 2168 cum
801 2101 907 2186 cogito
931 2122 1002 2166 eam
1026 2123 1095 2168 esse
1119 2102 1260 2187 linguam

91 2231 158 2296 qua
181 2211 270 2276 Dens
294 2217 328 2276 et
360 2211 465 2295 angeli
493 2211 682 2277 commerita
713 2230 772 2274 sua
801 2209 867 2274 sint
896 2208 1078 2274 hominibus
1108 2209 1259 2274 divinitus

91 2318 255 2401 exequuti.
301 2318 343 2382 Et
373 2318 419 2382 sic
448 2317 582 2383 horrore
613 2315 755 2400 quodam
786 2321 819 2380 et
848 2321 974 2378 terrore
1006 2315 1172 2380 concutior
1194 2335 1260 2379 nou

89 2423 160 2487 sine
186 2422 326 2507 quodam
350 2423 467 2507 gaudio
490 2420 647 2487 ineffabili
674 2421 774 2486 talem
800 2440 906 2485 meam
939 2417 1187 2485 admirationem
1209 2421 1261 2486 vel

91 2535 260 2613 stuporem
283 2529 392 2611 potius
415 2534 571 2613 sequente
595 2527 682 2612 quod
697 2547 771 2591 vere
788 2525 979 2609 sapientiam
996 2525 1202 2591 nominavero
1219 2526 1259 2591 de

91 2655 157 2718 qua
168 2633 308 2698 divinum
317 2633 397 2697 illud
414 2633 518 2698 fertur
535 2632 697 2716 eloquium
713 2631 878 2697 hebraice:
894 2633 925 2688 ‘n
947 2642 1027 2690 nun*
1044 2643 1109 2691 nvn
1127 2632 1259 2692 rursum²

90 2740 110 2804 i.
136 2759 181 2805 e.:
204 2739 332 2804 initium
356 2739 534 2823 sapientiae
557 2739 656 2803 timor
679 2738 816 2802 Domini.

183 2844 233 2909 Ad
249 2852 325 2911 vota
335 2845 435 2929 igitur
447 2850 557 2910 vestra
573 2843 778 2909 commodum
794 2865 828 2909 se
844 2843 962 2910 obtulit
979 2841 1148 2916 loannes,8
1163 2863 1257 2926 prae·

91 2951 234 3016 sentium
261 2951 429 3016 literarum
459 2957 608 3016 ostensor
636 2951 692 3033 qui
721 2950 835 3015 relicto
858 2949 1026 3015 Judaismo
1049 2949 1092 3014 ad
1115 2954 1260 3014 nostram

89 3055 190 3121 fidem
213 3077 386 3121 conversus
416 3061 464 3121 est
492 3057 580 3120 etin
603 3055 715 3139 paucis
739 3057 831 3121 annis
854 3056 997 3139 linguam
1021 3063 1166 3122 nostram
1188 3054 1261 3119 lati-

89 3183 168 3226 nam
197 3160 397 3245 posthabitis
426 3160 588 3250 hebraicis
615 3161 790 3245 perdidicit
820 3161 884 3241 ita,
914 3163 1007 3227 utin
1031 3161 1260 3227 bacalaureum

88 3269 212 3333 artium
250 3267 391 3333 evaserit
431 3267 517 3352 quod
555 3274 605 3332 est
645 3267 745 3332 studii
784 3288 847 3332 non
886 3268 1058 3334 mediocris
1097 3267 1259 3331 indicium.

89 3373 235 3456 Cumque
259 3373 356 3438 vellet
379 3373 526 3438 Rhenum
550 3393 662 3438 versus
678 3393 823 3456 pergere,
848 3394 948 3438 suasu
963 3395 1034 3439 meo
1051 3374 1260 3437 commutavit

89 3478 245 3557 animum,
269 3479 349 3543 mihi
372 3478 572 3562 obsequens,
596 3484 634 3542 ut
655 3479 698 3543 ad
722 3495 778 3543 vos
805 3478 991 3545 diverteret.
1037 3478 1178 3543 Maximo
1202 3477 1261 3542 du-

90 3585 176 3649 citur
218 3604 327 3648 amore
356 3584 399 3648 ad
427 3585 688 3670 consequendum
720 3584 947 3649 sacerdotium.
994 3584 1054 3650 Est
1091 3583 1191 3663 enim,
1223 3589 1261 3648 ut

88 3690 168 3755 mihi
191 3690 328 3770 videtur,
352 3689 486 3755 devotus
510 3697 544 3755 et
566 3690 697 3774 probus,
722 3711 823 3774 qnare
847 3690 1028 3756 sciscitanti
1048 3690 1125 3755 mihi
1142 3689 1182 3756 de
1199 3711 1258 3756 suo

88 3797 178 3880 apud
211 3817 268 3861 vos
306 3795 426 3860 salario
465 3796 636 3880 respondit
664 3795 835 3880 pecuniam
868 3816 931 3860 non
961 3804 1092 3881 petere,
1116 3797 1175 3862 sed
1209 3818 1259 3862 re-

89 3901 226 3967 verendi
264 3901 394 3968 domini·
417 3901 547 3967 abbatis
584 3903 741 3985 gratiam,
780 3907 816 3965 ut
851 3923 912 3986 per
947 3907 980 3967 te
1016 3908 1154 3986 tuosque
1189 3909 1260 3966 tan-

89 4006 164 4072 dem
202 4013 448 4091 promoveretur
490 4006 533 4071 ad
572 4006 799 4073 sacerdotium.
861 4007 933 4072 Non
971 4009 1034 4073 erit
1070 4009 1167 4091 igitur
1202 4013 1259 4072 tuo

87 4113 288 4179 monasterio
311 4113 425 4197 gravis.
471 4113 584 4178 Facito
608 4114 726 4179 nutriri
749 4112 911 4178 hominem
935 4119 968 4178 et
991 4114 1112 4178 erudiri
1133 4112 1175 4177 ad
1191 4134 1257 4177 me·

162 4312 173 4356 l
196 4312 222 4356 at
240 4304 341 4373 ausgel.
366 4311 387 4356 1.
407 4306 461 4374 vgl.
481 4307 548 4358 oben
567 4248 684 4371 nrossl.
745 4314 759 4358 2
783 4310 839 4375 Spr.
863 4314 884 4361 l.
903 4315 927 4360 7.
992 4307 1154 4376 susannis]
1175 4308 1261 4360 vvahr·

87 4394 237 4453 schoiolieh
256 4395 317 4452 lou.
337 4397 412 4459 Kiin;
430 4413 451 4450 s.
471 4413 504 4449 ro.
524 4395 658 4465 Ellenbog
677 4412 698 4448 s.
721 4400 752 4449 13
776 4414 800 4448 a.
820 4401 845 4452 3.
