2716 4898
659 281 704 348 29

605 561 752 629 XXVIII.

166 675 291 725 Florrnz.
1030 679 1045 725 5
1065 677 1130 726 duni
1156 677 1229 728 1491.

88 812 165 884 Pro
198 811 209 858 ¹
243 812 539 887 adolescentibus
574 811 756 887 eSuevia
788 811 907 885 missis
940 812 988 885 ad
1023 811 1266 891 Academiam

89 934 323 1009 Florentiam
357 933 557 1038 [Mamilius
589 933 753 1038 Ficinus]
787 935 980 1010 Ludovico
1011 936 1196 1012 Nauclero
1231 952 1267 1013 et

218 1057 245 1132 J
247 1059 361 1131 oanni
379 1057 580 1133 Phorcensi
600 1056 795 1131 Germanis
813 1057 1093 1133 Ju1·isconsultis
1114 1060 1139 1134 ².

184 1235 332 1299 Scribitis
362 1234 406 1299 ad
435 1256 493 1301 nos
526 1242 699 1320 vestroque
731 1235 858 1300 nomine
889 1236 1071 1302 Germaniae
1099 1237 1263 1322 principes

92 1340 291 1405 Florentiam
323 1340 548 1407 adolescentes
578 1341 772 1408 erudiendos
801 1348 957 1427 tanquam
993 1343 1035 1408 ad
1065 1343 1264 1409 academiam

91 1444 192 1523 filios,
215 1446 312 1509 immo
329 1468 369 1511 ex
385 1447 554 1512 academia
569 1449 698 1513 mittere
714 1447 896 1528 videamini,
921 1456 1019 1533 atque
1032 1450 1119 1534 apud
1136 1456 1265 1515 exteras

92 1553 242 1615 nationes
271 1552 460 1635 perquirere
492 1553 582 1618 vobis
601 1555 671 1637 jam
695 1552 905 1618 domesticam
930 1554 1140 1638 disciplinam.
1188 1555 1265 1632 Quae

92 1678 202 1721 rerum
219 1657 406 1721 vicissitudo
420 1659 490 1722 est?
514 1658 676 1736 Quantum
686 1658 860 1723 insolentes
874 1658 1027 1743 plaerique
1039 1680 1127 1724 more
1141 1660 1266 1743 sophis-

92 1768 200 1826 tarum
222 1762 329 1826 aliena
351 1769 474 1828 temere
495 1761 698 1846 profitentur,
722 1770 849 1828 tantum
873 1786 929 1829 vos
950 1762 1181 1829 modestissimi
1205 1765 1265 1829 viri

92 1867 142 1931 vel
166 1868 300 1951 propria
329 1867 397 1933 ritu
420 1868 580 1933 socratico
604 1867 797 1947 diffitemini,
827 1868 888 1934 hoc
917 1891 984 1952 prae
1015 1870 1133 1935 ceteris
1163 1870 1266 1934 adrni-

93 1973 186 2037 randi
203 1973 290 2057 quod
307 1994 405 2056 quam
429 1974 555 2039 curiose
578 1973 671 2039 multi
695 1973 823 2056 lapillos
847 1979 943 2038 terrae
960 1973 1137 2040 visceribus
1154 1997 1266 2040 recon-

93 2078 178 2143 ditos
194 2084 451 2161 perscrutantur,
468 2084 535 2143 tam
551 2085 704 2158 accurate
720 2101 775 2144 vos
791 2078 951 2144 caelestem
974 2081 1141 2163 sapientiae
1161 2080 1266 2163 splen-

94 2184 206 2248 dorem
234 2183 354 2267 ubique
383 2185 525 2267 gentium
557 2184 798 2269 prosequimini.
844 2184 1059 2261 Quamobrem
1082 2183 1265 2250 incredibili

95 2290 236 2374 quodam
260 2309 370 2354 amore
402 2311 479 2373 erga
507 2311 564 2355 ros
587 2288 705 2369 affecti,
738 2289 980 2354 adolescentum
1005 2297 1187 2355 vestrorum
1211 2311 1266 2355 cu·

95 2415 165 2459 ram
181 2395 237 2478 pia
261 2401 368 2461 mente
391 2395 601 2479 suscepimus,
625 2402 659 2461 et
681 2396 714 2459 in
737 2395 850 2479 primis
873 2395 989 2478 insigni
1006 2395 1128 2479 pietate
1146 2395 1265 2479 hospiti

95 2501 403 2581 commendavimus,
434 2500 647 2586 dabimusque
677 2501 781 2566 indies
805 2522 955 2584 operam,
986 2506 1023 2564 ut
1046 2522 1122 2584 ager
1146 2508 1265 2566 natura

95 2605 213 2671 fertilis
244 2606 369 2690 frugem
391 2606 586 2691 quandoque
616 2607 764 2691 proferat
793 2604 1032 2670 foelicissimam.
1079 2606 1143 2671 Vos
1165 2606 1266 2690 igitur

64 2711 180 2776 ,bono
209 2712 316 2776 animo
341 2717 445 2776 estote
474 2719 507 2777 et
534 2712 734 2796 principibus
758 2713 874 2776 vestris
902 2718 1013 2775 nostro
1041 2712 1169 2775 nomine
1199 2733 1265 2777 res-

96 2817 247 2900 pondete,
271 2818 508 2898 magnanimum
525 2817 736 2882 Laurentium
753 2818 911 2883 Medicam
927 2818 1018 2901 cujus
1042 2824 1075 2881 et
1091 2816 1266 2900 ipsiclien-

97 2928 146 2986 tes
171 2943 282 2987 sumus
310 2921 551 2988 adolescentum
578 2923 805 3007 prividentiam
833 2923 1045 2988 libentissime
1074 2922 1264 3006 suscepisse.

99 3033 115 3091 5
140 3027 230 3094 Juuii
249 3032 362 3091 1491.·
388 3027 426 3092 In
442 3046 519 3112 agro
544 3028 692 3112 Caregio.

191 3142 205 3195 1
232 3156 273 3192 =
296 3137 426 3210 Epistola
448 3139 571 3197 Marsilii
592 3139 685 3197 Ficini
706 3139 711 3216 Ι
732 3139 901 3197 Florentini.
941 3139 996 3196 Ani
1017 3136 1140 3196 schluss:
1164 3137 1204 3196 M.
1230 3137 1264 3197 F.

97 3243 239 3302 Floretini
263 3243 476 3316 Eloquctissimi
498 3245 558 3303 uiri
577 3245 706 3317 Epistola
726 3242 882 3303 familiares
904 3243 1038 3303 foelicitcr
1060 3242 1176 3302 finiunt:
1208 3244 1265 3301 Im·

96 3367 186 3425 pensa
208 3347 379 3421 Hieronymi
392 3348 499 3407 Blondi
520 3350 680 3408 Florentini
771 3352 908 3422 impresse
932 3350 1120 3409 venetiis
1160 3347 1215 3406 Die
1238 3356 1267 3408 ct

97 3455 168 3514 hora
192 3452 344 3511 Mercurii:
365 3455 470 3528 Vigilia
491 3454 559 3514 Divi
582 3453 716 3528 Gregorii
737 3471 812 3512 anuo
832 3455 934 3513 salutis
956 3452 1264 3513 MCGGGLXXXXV.

97 3557 144 3620 iol.
163 3558 321 3618 CLXXVI.
354 3553 1265 3635 2=O.v.e.b1bsq.;3=J.v.e.a421;4=0.v.

98 3683 122 3726 e.
139 3665 168 3725 Π
182 3664 236 3724 iol.
255 3665 299 3723 5³·
310 3659 337 3724 b.

675 3818 693 3864 ’Β

173 3953 185 3999 l
206 3944 259 3998 Pro
279 3963 305 3998 u.
325 3961 346 3998 s.
366 3961 397 3998 w.
415 3942 587 4012 ausgelassen
609 3952 632 3998 2.
653 3950 677 4000 3.
696 3949 722 3999 4.
790 3951 804 3998 2
825 3946 974 3999 Aufschriit
992 3947 1018 3997 in
1042 3951 1066 3998 2.
1086 3949 1109 3997 3.
1130 3951 1154 3997 4.
1174 3946 1266 3996 liurei-

98 4032 147 4087 lius
168 4036 280 4087 Ficinns
304 4036 473 4086 Florentium
497 4034 596 4086 Joanui
620 4036 749 4089 Reuehlin
776 4036 923 4087 Phoreensi
947 4042 973 4086 et
998 4035 1132 4086 Lodorico
1151 4033 1266 4096 (Ludos.

99 4128 132 4190 3).
162 4125 296 4177 Nauclero
315 4125 462 4176 Germania
480 4124 684 4175 Juriseonsultis
708 4125 733 4176 S.
772 4111 843 4176 liber
862 4127 898 4176 M.
919 4125 947 4173 F.
967 4124 1020 4188 agl.
1042 4125 1111 4172 Babr
1134 4126 1159 4171 in
1183 4122 1267 4172 Erech

99 4215 148 4265 und
170 4213 277 4266 Gruber
295 4216 316 4276 I,
336 4218 369 4263 ⁴4
389 4230 410 4263 s.
433 4219 442 4262 l
465 4212 506 4262 bis
528 4216 558 4264 18
578 4212 631 4262 und
651 4215 790 4273 Reumont,
816 4213 932 4262 Lorenzo
960 4211 1000 4261 de’
1019 4211 1116 4260 Medici
1140 4210 1172 4271 II,
1192 4225 1212 4258 s.
1233 4213 1265 4258 22

99 4303 136 4353 bis
156 4308 199 4354 ⁴0.
270 4305 285 4352 3
306 4304 322 4351 8
341 4301 416 4351 Junii
436 4307 458 4351 2.
479 4307 503 4350 4.
534 4301 606 4351 Naclr
627 4306 790 4367 suscepisse:
813 4303 902 4352 I'ulcte
922 4303 946 4351 3.
966 4300 1055 4350 datum
1075 4298 1125 4347 und
1147 4308 1188 4351 ort
1207 4313 1267 4348 aus·

98 4393 219 4459 gelassen
241 4393 265 4443 3.
286 4391 427 4442 Florentia
446 4390 626 4458 hinzugeiiigt.
647 4395 670 4440 2.
692 4397 717 4441 4.
