2716 4898
645 301 710 370 113

86 493 182 573 Quod
206 497 241 558 et
265 515 323 578 ego
347 499 423 578 peto
446 515 486 559 ea
500 495 665 575 instantia,
690 515 755 580 qua
770 516 910 578 possum.
956 499 999 565 Et
1014 520 1073 584 pro
1088 499 1255 568 laboribus

88 601 244 686 quicquid
268 601 400 684 petieris
423 599 635 668 libentissime
659 600 753 668 dabo.
800 602 833 668 Si
848 608 958 669 autem
973 626 1025 671 me
1041 605 1257 692 derelinquas,

88 710 251 774 neminem
283 706 350 772 scio
377 705 410 770 in
434 706 625 771 alemannia
654 707 710 791 qui
733 729 784 773 me
803 708 919 792 juvare
942 715 1063 794 posset.
1108 713 1153 777 Et
1174 713 1260 780 forte

90 820 227 898 propter
258 811 319 878 hoe
352 832 433 896 opus
463 811 619 877 iniectum
652 814 865 896 permanebit.
913 815 1014 900 Spero
1038 818 1145 898 etiam,
1169 826 1257 905 post·

91 939 189 1004 quam
214 919 430 1000 Hieronymus
454 936 527 983 eum
543 939 601 983 suo
618 940 734 1002 graeco
751 926 784 986 et
798 918 942 986 hebraeo
958 921 1057 988 fuerit
1071 924 1258 1009 impressus,

92 1026 177 1110 qnod
201 1024 387 1089 rudimenta
410 1022 554 1089 hebraea
576 1023 723 1108 pluribus
746 1026 929 1092 vendentur
948 1027 968 1092 ¹.
1014 1027 1094 1094 Vale
1110 1029 1257 1098 feliciter.

90 1132 136 1195 Ex
160 1129 293 1195 Basilea
317 1134 357 1194 27
383 1129 472 1194 Junii
498 1135 594 1195 1509.

178 1239 344 1298 Gedrnckt:
373 1243 387 1296 1
414 1258 456 1294 =
478 1238 509 1299 0.
526 1257 553 1299 v.
575 1256 601 1299 e.
618 1255 635 1300 e
651 1241 703 1315 8²3
730 1244 810 1301 2:
824 1242 852 1303 J.
868 1258 895 1303 r.
912 1258 937 1303 e.
955 1261 974 1318 g
992 1237 1028 1304 lb
1044 1261 1103 1320 sq.;
1128 1247 1207 1305 3:
1223 1245 1255 1308 0.

91 1362 113 1405 v.
130 1362 155 1404 e.
173 1343 268 1405 11f01.
287 1339 348 1404 381>
363 1360 407 1417 sq.

642 1500 707 1567 CX.

160 1604 335 1657 Ottobeuren.
1013 1613 1045 1661 23
1066 1609 1125 1661 Juli
1148 1613 1223 1663 1509.

87 1711 216 1786 Frater
238 1711 417 1786 Nicolaus
439 1709 628 1810 Ellenbog
643 1707 793 1785 'loanni
814 1711 997 1788 Reuchlin
1014 1715 1090 1790 LL.
1117 1716 1258 1792 doctori

624 1832 660 1909 S.
689 1834 724 1908 d.

180 1984 240 2047 Vir
271 1981 517 2061 humanissime,
550 1981 674 2066 perlegi
703 1983 794 2048 annis
829 1983 1051 2067 superioribus
1088 2005 1127 2051 ac
1154 1985 1256 2070 relegi

87 2110 190 2171 opera
219 2087 307 2152 docti
330 2086 475 2152 Platonis
507 2086 599 2152 uobis
628 2085 785 2153 beneficio
809 2089 946 2154 Marsilii
969 2090 1070 2155 Fioini
1092 2090 1256 2158 latinitate

88 2194 223 2259 donata.
270 2193 319 2258 Ex
347 2192 465 2277 quibus
493 2193 671 2258 sententias
700 2214 783 2277 quae
804 2191 881 2258 fidei
904 2201 1035 2260 nostrae
1059 2195 1132 2279 plns
1156 2197 1256 2263 adsti-

85 2299 204 2383 pulare
234 2298 429 2362 videbantur
462 2298 609 2380 excerpsi
640 2319 788 2383 quaeque
819 2300 861 2364 ad
900 2301 982 2367 bene
1013 2301 1174 2386 beateque
1212 2303 1258 2367 vi·

86 2404 230 2469 vendum
260 2402 441 2469 conducere
471 2425 596 2487 quoquo
625 2404 721 2469 modo
751 2404 945 2470 videbantur
974 2425 1040 2490 qua
1067 2407 1160 2490 potui
1187 2406 1258 2470 dili-

87 2511 199 2594 gentia
223 2509 369 2593 congessi
386 2509 407 2574 ².
453 2508 556 2587 Quum
580 2515 689 2574 autem
705 2530 744 2575 ea
758 2531 843 2575 nuuc
859 2511 965 2575 omnia
981 2531 1064 2595 quae
1086 2511 1258 2594 impresso·

669 2638 687 2676 *

88 2729 206 2793 stinique
226 2727 314 2791 libris,
339 2735 424 2779 totum
440 2744 470 2780 se
488 2733 688 2794 comparaverat
705 2727 738 2779 ad
757 2728 960 2794 castigationem
980 2728 1144 2779 voluminum
1161 2729 1256 2781 Hiero-

87 2818 177 2881 nymi,
198 2815 315 2881 undique
335 2816 494 2882 conquisitis
514 2816 701 2879 vetustissimis
724 2815 928 2882 exemplaribus,
954 2826 980 2867 et
999 2816 1085 2868 doctis
1107 2818 1173 2869 viris
1196 2833 1256 2869 cos·

89 2905 176 2954 ductis
202 2904 248 2968 qui
271 2905 376 2956 Graecas
400 2903 531 2955 dictiones
557 2905 656 2971 passim
681 2904 859 2955 restituerent:
886 2903 918 2954 de
943 2921 1054 2969 qnorum
1075 2922 1184 2956 numero
1206 2906 1257 2957 init

88 2994 212 3043 loannes
225 2992 388 3044 Reuchlinns
401 2991 606 3043 Jnreeonsnltus
620 2993 666 3058 qui
679 3009 693 3043 e
705 2993 812 3042 LexIcis
826 3006 925 3042 vacuas
938 2993 1046 3042 lacunas
1063 2993 1164 3061 replere
1180 3010 1257 3045 cona·

90 3083 176 3142 batur,
196 3081 240 3130 sni
253 3083 384 3132 suecessit
403 3081 537 3132 felicior
558 3083 703 3146 castigator
714 3083 833 3131 Ioannes
848 3081 920 3132 Corio
935 3082 1165 3148 Norimhergensis
1181 3084 1257 3133 insti·

90 3170 138 3219 toti
159 3168 343 3232 Dominicaui‚
366 3170 424 3233 qui,
443 3169 609 3220 meliorem
632 3169 716 3218 vism
736 3175 895 3232 secutus,
915 3170 1068 3235 evestigiis
1088 3171 1256 3235 antiquorum

89 3257 212 3308 codicum
226 3271 257 3306 ea
269 3271 328 3321 quae
339 3256 381 3307 vel
395 3256 504 3306 deerant
522 3256 564 3307 vel
583 3262 657 3306 erant
675 3255 820 3323 depravata
839 3257 977 3322 diligenter
990 3258 1133 3324 reponebat
1146 3274 1194 3308 vor
1206 3256 1256 3309 deu

89 3346 157 3412 Opp.
172 3345 276 3394 Erasmi
288 3344 328 3394 ed.
341 3343 426 3410 Lngd.
439 3345 496 3394 Bet.
510 3344 532 3393 1.
558 3343 684 3410 Dagegen
703 3343 804 3410 spricht
816 3343 941 3394 Erasmus
954 3347 981 3394 iu
995 3345 1041 3395 der
1053 3343 1189 3410 widmung
1209 3343 1256 3394 des

89 3433 272 3497 Hieronymus
289 3447 322 3482 an
335 3431 389 3481 Leo
403 3431 427 3481 X
440 3433 487 3497 (28
506 3430 581 3497 April
596 3433 675 3498 1515)
691 3431 760 3483 euch
777 3432 852 3482 nicht
871 3432 920 3483 den
938 3433 1063 3483 leisesteu
1082 3431 1152 3482 tedel
1171 3445 1257 3496 gagen

90 3521 135 3571 ibn
153 3537 218 3582 aris,
236 3519 351 3570 sondern
369 3518 457 3569 riihmt
472 3519 520 3568 ihu
537 3519 687 3584 ungemeiu.
721 3517 836 3569 Freilich
854 3518 920 3570 lbsst
939 3535 967 3570 er
985 3518 1063 3586 (Opp.
1077 3519 1115 3568 III
1128 3519 1179 3569 col.
1196 3520 1256 3583 154)

91 3609 159 3658 anch
182 3608 255 3658 Cono
276 3605 470 3674 gerochtigkeit
494 3622 527 3656 au
552 3604 618 3657 theil
642 3605 760 3657 werden:
784 3606 874 3672 Neque
900 3624 991 3673 parum
1017 3605 1106 3658 attulit
1124 3604 1257 3655 momenti

91 3696 184 3747 Concu
205 3695 446 3761 Nurenbergensis‚
464 3693 619 3758 Theologus
637 3710 670 3743 ex
688 3693 809 3744 instituto
829 3694 922 3744 horum
942 3710 1008 3760 quos
1027 3693 1109 3759 vulgo
1129 3691 1258 3742 ProedIoa·

90 3791 161 3835 tores
175 3789 283 3847 vocant,
300 3784 342 3834 vir
353 3790 382 3833 ut
395 3783 492 3834 Graecae
511 3782 652 3838 literatura
665 3780 888 3844 callentissimus,
906 3782 944 3832 ite
959 3783 987 3831 in
1005 3779 1162 3846 adjuvandis
1179 3780 1257 3831 bools

89 3871 175 3922 literis
188 3871 354 3937 infatigabili
366 3869 479 3935 quadem
496 3868 644 3934 diligentias.
669 3867 820 3935 Leontorio]
835 3886 856 3919 s.
870 3886 893 3919 0.
909 3874 922 3919 7
938 3870 1010 3919 Mttrz
1027 3871 1104 3921 1489.
1141 3869 1197 3918 Ans
1210 3883 1258 3917 un·

90 3975 163 4011 seror
181 3958 259 4009 stelle
278 3958 324 4008 hat
345 3957 431 4010 Oskar
444 3959 529 4008 Hsse:
548 3957 591 4006 die
604 3954 741 4022 Coburger
758 3956 942 4008 bnehhtudler
954 3956 1054 4007 familie
1066 3973 1106 4012 ,su
1120 3955 1258 4019 Niirnberg

90 4063 113 4100 s.
127 4051 161 4099 30
174 4064 198 4097 a.
212 4052 228 4096 4
242 4045 426 4112 geschlossen,
446 4044 507 4095 dass
520 4045 550 4096 L.
563 4043 713 4094 Amerbach
726 4043 776 4094 den
789 4043 923 4109 gelehrten
936 4044 1089 4110 gegeuiiber
1103 4050 1210 4092 vertrat.

166 4140 177 4184 1
193 4134 257 4201 Vgl.
277 4134 364 4184 hieme
381 4133 437 4184 und
456 4135 497 4183 ttir
516 4131 562 4183 das
576 4148 659 4198 gance
675 4132 835 4182 verhttltuiss
853 4130 985 4181 zwischen
998 4127 1149 4180 Amerbaeh
1161 4128 1215 4178 und
1228 4128 1258 4177 R.

91 4231 173 4274 unten
187 4239 244 4274 nro.
258 4222 370 4273 CXXIII
383 4223 420 4288 ig.
475 4224 488 4270 2
503 4220 597 4270 Dieses
610 4219 689 4282 buch,
709 4218 755 4270 das
769 4221 880 4285 epitome
894 4219 1071 4280 Platonlcum,
1085 4216 1156 4266 hatte
1170 4217 1201 4266 E.
1214 4215 1259 4266 be·

89 4314 153 4362 reite
177 4312 244 4362 1505
263 4310 408 4373 volleudet3
433 4309 503 4360 nach
524 4307 654 4360 Reuohliu
680 4307 807 4358 erhielten
831 4323 858 4358 es
878 4306 985 4367 andere,
1010 4304 1172 4354 namentlieh
1192 4306 1257 4354 Pen-

90 4400 187 4467 tinger,
206 4416 253 4451 zur
272 4399 425 4452 durchsiclrt
444 4398 496 4448 und
515 4397 715 4461 verbesserung.
758 4397 824 4445 1516
844 4394 922 4446 sollte
941 4393 989 4443 mit
1006 4390 1064 4442 dem
1085 4391 1169 4442 druck
1188 4398 1259 4442 eruet

119 4511 268 4568 Beueprllu
605 4567 606 4570 Ἰ
1032 4483 1051 4545 8
1107 4576 1111 4583 Ι
