2716 4898
526 282 661 369 ‚63

47 471 131 540 tina
153 494 226 539 mea
256 492 340 540 nora
363 474 487 559 optima
510 477 698 545 dulcissima
732 480 764 541 at
787 473 960 560 iumagus
992 475 1081 562 copia
1109 480 1225 564 gustet,

53 580 182 665 probet,
207 580 367 665 deglutiat
380 583 400 647 ¹.
447 583 549 668 Spero
573 585 658 650 enim
682 604 734 648 me
759 580 945 672 habiturum
969 582 1012 648 ad
1035 603 1154 652 annum
1177 585 1193 651 f
1212 624 1226 635 -

52 690 165 750 turum
189 686 340 771 plaustra
363 709 426 753 non
460 691 567 756 minus
589 691 654 755 vini
686 689 760 755 novi
791 687 906 771 optimi
937 687 1115 755 dulcissimi
1160 691 1223 757 Ne·

50 791 174 857 minem
198 797 360 875 praterea
375 794 502 861 habebo
526 793 673 881 quidum
697 815 791 859 mane
808 793 1003 877 surgendum
1020 799 1054 859 et
1069 795 1226 862 vestibus-

54 917 119 981 que
144 897 341 963 induendum
374 901 556 984 promiscue
588 907 621 967 et
654 901 720 967 suis
752 904 787 965 et
817 899 898 964 meis
930 903 1045 965 utatur
1072 900 1224 967 vestibus.

54 1001 142 1080 Quid
171 1004 297 1069 multa?
321 1005 440 1072 carebo
464 1028 521 1091 ego
545 1008 639 1073 u'nico
662 1027 734 1072 meo
758 1005 885 1070 solatio.

149 1108 199 1174 Ob
223 1131 279 1175 eas
303 1116 412 1176 tamen
435 1134 487 1178 res
504 1135 614 1179 omnes
637 1111 712 1178 nolo
736 1110 838 1176 facias
861 1111 950 1194 quod
976 1111 1037 1177 tibi
1063 1133 1126 1177 non
1154 1134 1227 1178 con·

56 1213 169 1295 ducat,
194 1215 344 1300 quodque
372 1223 429 1283 tuo
453 1218 576 1302 judicio
607 1217 668 1283 tibi
695 1216 823 1282 videtur
858 1209 1053 1282 adversum(
1084 1216 1228 1296 Quodsi

58 1339 152 1405 aeque
177 1319 237 1385 tibi
259 1327 297 1387 ut
312 1321 390 1387 mihi
406 1331 599 1408 congrueret
622 1325 747 1389 faceres
772 1342 839 1386 rem
863 1311 941 1386 mihi
969 1321 1062 1406 longe
1086 1326 1226 1390 omnium

57 1427 201 1492 maxime
224 1427 458 1511 gratissimam,
488 1430 516 1495 si
543 1429 626 1495 hanc
649 1430 796 1514 hyemem
819 1433 922 1492 totam
946 1429 1044 1493 etiam
1069 1431 1148 1496 meis
1170 1431 1228 1497 im·

58 1532 172 1617 pensis
194 1533 363 1599 nobiscum
394 1556 521 1619 ageres,
549 1541 665 1620 postea
689 1555 785 1620 quam
809 1532 893 1620 enim
916 1554 1020 1616 nuper
1043 1556 1063 1599 a
1090 1557 1141 1602 me
1165 1536 1228 1602 dis-

60 1637 210 1719 cessisti,
240 1644 309 1705 tum
331 1641 471 1724 primum
495 1643 581 1708 sensi
604 1663 662 1726 ego
686 1646 785 1725 atque
808 1637 979 1721 magnifeci
1007 1639 1124 1705 solatia
1156 1661 1228 1725 quae

62 1765 103 1810 ex
135 1750 195 1810 tua
217 1747 391 1829 praesentia
413 1748 446 1812 in
470 1748 539 1814 dies
563 1767 763 1831 acceperam.
810 1743 916 1809 Nacta
939 1743 1039 1809 semel
1062 1746 1229 1829 oportuni·

61 1855 135 1916 tate
166 1851 195 1915 si
222 1851 332 1917 venire
355 1873 420 1918 non
442 1859 556 1938 potes,
589 1851 736 1919 describe
761 1851 875 1917 saltem
898 1849 991 1915 nobis
1014 1851 1114 1915 vitam
1137 1856 1229 1916 tuam

61 1955 278 2023 domesticam
310 1980 367 2024 seu
400 1959 640 2039 heremiticam3
675 1957 773 2024 credo
805 1956 888 2022 enim
921 1960 954 2021 te
985 1956 1019 2020 in
1053 1954 1227 2022 solitudine

62 2061 180 2128 domus
210 2068 274 2128 tuae
298 2085 370 2128 cum
394 2064 470 2130 solis
493 2064 585 2130 libris
610 2066 673 2130 tuis
697 2063 903 2142 delitescere,
934 2067 967 2126 et
990 2071 1027 2126 ut
1049 2061 1131 2127 alias
1154 2081 1228 2127 con·

62 2169 222 2234 stitueras
245 2191 266 2233 a
289 2170 426 2253 negotiis
450 2169 626 2236 curialibus
649 2169 824 2236 abstinere.

148 2275 299 2340 Decanus
322 2281 434 2348 noster
456 2277 611 2362 spirensis
631 2277 699 2362 jam
723 2275 842 2340 multos
866 2272 934 2339 dies
961 2271 1123 2339 laboravit
1145 2272 1229 2339 febri

57 2385 238 2463 quartana,
263 2380 314 2444 cui
337 2381 364 2445 si
380 2372 474 2464 potes
491 2380 596 2447 scribe
613 2380 850 2466 quamprimum
866 2377 979 2443 literas
995 2378 1229 2445 consolatorias

60 2488 96 2550 et
120 2484 347 2566 medicinales,
376 2487 477 2552 facies
506 2488 590 2552 enim
623 2488 653 2552 ei
681 2508 749 2551 rem
779 2490 914 2568 gratam.
960 2483 1092 2548 Fuimus
1115 2504 1228 2567 nuper,

62 2591 299 2672 cancellarius,
330 2597 444 2675 pastor
471 2593 503 2656 in
536 2592 688 2658 Steinach
712 2597 746 2656 et
768 2612 826 2674 ego
851 2611 921 2655 oum
947 2609 984 2653 eo
1001 2586 1230 2653 consolationis

64 2716 176 2763 causa.
222 2696 362 2782 Fuitque
390 2697 431 2763 ob
460 2720 530 2763 eam
564 2698 665 2763 solam
690 2719 757 2762 rem
781 2717 884 2780 nuper
907 2716 978 2759 oum
1004 2715 1041 2758 eo
1066 2693 1231 2759 serenissi-

60 2822 135 2868 mus
158 2801 311 2886 princeps
333 2809 455 2870 noster.
502 2804 663 2870 Caeterum
687 2802 765 2869 utile
784 2806 833 2882 (ut
848 2801 978 2865 tandem
995 2800 1055 2864 has
1070 2797 1229 2866 barbaras

61 2909 178 2975 literas
201 2908 409 2994 concludam)
434 2931 601 2995 sperarem
624 2909 721 2976 fratri
743 2913 799 2975 tuo
818 2909 831 2948 ²
853 2907 931 2988 fore,
955 2913 992 2972 ut
1015 2908 1115 2973 semel
1138 2910 1231 2979 ades·

60 3036 116 3082 ses
138 3021 302 3099 prasente
326 3016 485 3101 principe;
509 3021 621 3100 posset
644 3017 728 3082 enim
752 3014 857 3082 denuo
889 3014 919 3080 ei
940 3013 1087 3098 promitti
1109 3017 1231 3102 stipen-

60 3120 152 3187 dium
175 3143 235 3205 pro
260 3122 481 3189 continuanda
502 3122 641 3190 lectione
663 3123 697 3188 in
719 3122 830 3207 lingua
853 3141 967 3205 graeca
991 3118 1034 3187 ad
1053 3122 1141 3205 quod
1156 3144 1231 3191 can·

60 3226 215 3294 cellarius
248 3226 398 3309 laborat,
431 3228 489 3295 sed
524 3250 601 3295 suus
635 3228 723 3295 solus
754 3226 849 3295 labor
874 3227 973 3294 timeo
996 3248 1060 3294 non
1083 3228 1229 3309 sufficiet,

62 3353 251 3420 quanquam
282 3339 316 3399 et
344 3355 403 3419 ego
431 3356 496 3401 non
519 3335 647 3402 omuino
682 3333 849 3400 dormiam.
894 3334 1019 3418 Estque
1051 3354 1104 3400 res
1134 3353 1231 3419 propa

64 3445 159 3506 terea
182 3460 222 3506 eo
254 3439 411 3522 deducta,
440 3446 479 3507 ut
501 3442 588 3507 situ
610 3440 662 3507 vel
689 3460 789 3504 unum
812 3437 946 3504 verbum
969 3443 1087 3504 nostrae
1110 3435 1231 3506 actioni

61 3544 152 3629 apud
182 3546 362 3630 principem
393 3545 572 3628 addideris,
596 3567 649 3611 res
673 3542 865 3628 expediatur
886 3541 1029 3624 indubie,
1052 3548 1230 3629 possetque

63 3652 110 3715 sic
137 3650 243 3716 frater
266 3657 341 3716 tuus
365 3652 553 3717 continuare
577 3651 719 3718 studium
743 3671 851 3730 suum,
883 3647 970 3734 qnod
991 3648 1025 3715 in
1047 3647 1173 3736 legibus
1198 3657 1232 3717 et

64 3756 244 3823 canonibus
266 3757 397 3841 incepit.
444 3757 524 3823 Vale
549 3762 582 3823 et
605 3779 656 3823 me
680 3777 762 3839 ama,
786 3761 886 3842 atque
908 3757 1002 3824 uxori
1024 3762 1090 3824 tuae
1115 3757 1232 3823 dulcis·

630 3877 649 3918 tt

135 3954 148 4005 1
175 3951 217 4004 An
243 3950 293 4005 den
316 3948 432 4006 hettsren
458 3951 721 4006 zusammenlitlnften
748 3951 776 4003 in
802 3945 919 4019 tigillus
947 3945 1029 4003 hausu
1058 3951 1138 4003 urbm
1163 3943 1231 4002 ancli

63 4035 231 4094 Theodorich
251 4043 414 4094 Gresemund
433 4043 509 4105 tboil,
539 4046 563 4092 in
585 4043 677 4092 dessen
696 4036 772 4092 leben
794 4057 821 4093 es
840 4032 929 4092 licilit:
960 4039 985 4092 in
1006 4039 1105 4091 sedibus
1125 4032 1232 4090 Heidel-

63 4128 151 4197 bergoe
170 4129 326 4196 Vigilianis,
345 4147 409 4196 quas
429 4132 600 4194 inhabitaret,
620 4128 781 4181 doctissimis
800 4144 915 4196 persaepe
937 4131 1001 4178 viris
1021 4129 1134 4192 (Joanne
1154 4128 1233 4177 etiam

65 4219 212 4287 Cupnione)
227 4215 355 4284 aVigilio
369 4220 400 4269 ad
415 4234 513 4268 coenam
527 4221 636 4282 vocatis,
655 4220 813 4270 tersissimos
827 4218 970 4268 versiculos
989 4216 1077 4266 edidit.
1108 4216 1233 4282 (Rieggcr

65 4309 187 4359 Amoenit.
213 4304 340 4373 naburg.
368 4309 390 4356 ll
415 4323 436 4357 s.
458 4310 528 4375 349.)
602 4312 616 4357 2
637 4291 710 4358 llber
733 4307 878 4372 Dionysius
902 4304 930 4354 R.
954 4304 979 4353 in
999 4303 1160 4374 Heidelberg
1178 4305 1233 4375 vgl.

66 4393 170 4464 Lamey,
192 4411 214 4445 a.
234 4411 257 4445 a.
278 4412 300 4445 o.
320 4411 341 4444 u.
362 4397 393 4444 32
415 4395 456 4444 bis
476 4396 518 4446 34.
