2716 4898
654 262 720 328 343

184 452 253 530 Quo
277 449 323 531 fit,
347 456 471 518 utnon
502 451 544 517 ab
579 474 614 517 re
645 448 942 520 baccalaurcandos
971 451 1044 520 illos
1065 453 1098 518 in
1121 474 1265 519 amorem

93 557 143 621 sui
167 555 356 640 pellexerit‚
393 556 480 643 quod
510 555 553 623 ad
579 579 613 622 se
639 556 909 642 amplectandam,
937 579 1001 625 non
1024 557 1176 642 algorem,
1204 580 1266 625 non
1348 644 1352 650 ι

93 667 218 739 astum,
243 683 306 727 non
323 661 447 745 vigilias
473 661 737 742 innumerabiles,
753 662 859 728 nullos
882 662 1021 749 denique
1044 661 1172 729 labores
1194 685 1266 749 per·

92 767 314 846 timescerent‚
344 767 433 833 nulla
462 768 665 834 incommoda
694 766 962 853 subterfugerent.
1009 768 1113 848 Quam
1136 768 1264 854 quidem

93 878 332 938 correctatores
351 873 483 957 ingenui
500 874 701 960 victoresque
725 873 861 957 palestri
885 874 1028 959 reginam
1052 881 1085 938 et
1108 873 1264 939 nutricem

93 977 329 1062 philosophiam
347 981 573 1063 quantomagis
590 979 747 1046 hactenus
762 979 934 1063 appetistis
946 981 966 1059 ¹,
982 979 1176 1063 tantomagis
1193 1000 1264 1044 earn

92 1082 260 1150 laboribus
284 1083 437 1167 deinceps
452 1085 706 1168 apprehendatis
722 1085 817 1150 velim
843 1092 876 1150 et
897 1084 1134 1170 apprehensam
1159 1090 1263 1149 custo·

93 1189 200 1268 diatis,
224 1210 283 1254 nec
307 1188 392 1273 qnod
416 1192 539 1273 magnis
571 1191 712 1275 negociis
741 1211 779 1256 ac
816 1191 970 1275 impensis
995 1196 1045 1256 est
1066 1196 1206 1275 partum,
1229 1189 1263 1254 id

93 1294 163 1361 ocio
194 1294 510 1379 voluptatibusque²
541 1295 634 1361 facile
662 1296 835 1380 perdatur.
881 1295 963 1361 Nam
1000 1296 1089 1381 apud
1119 1295 1262 1380 Yrepnm

92 1407 222 1484 portum
245 1399 405 1484 phrigium
430 1422 544 1468 corvus
569 1423 680 1467 escam
706 1423 802 1487 quam
827 1403 936 1468 volatu
959 1402 1190 1487 conamineque
1214 1422 1265 1466 ce·

93 1505 220 1590 perat³
244 1526 314 1570 eam
339 1528 453 1572 rursus
477 1513 510 1572 et
542 1507 681 1591 vulpinis
709 1506 879 1573 blandiciis
909 1507 1014 1572 missit
1037 1513 1071 1572 et
1101 1507 1170 1572 ocio
1194 1506 1265 1591 qui-

94 1613 168 1678 dem
192 1612 395 1679 breviusculo
420 1614 495 1679 dum
521 1613 617 1679 vellet
640 1610 778 1677 dulciter
801 1611 960 1695 clangere.

183 1718 373 1801 vosigitur,
398 1740 454 1784 vos
478 1719 607 1804 appello
631 1723 742 1803 patres
766 1723 799 1783 et
822 1716 882 1782 viri
906 1715 1108 1781 celeberrimi
1132 1715 1262 1802 (videtis

92 1823 177 1888 cnim
202 1844 347 1907 corpora,
360 1824 515 1908 judicatis
535 1821 673 1910 animos)
699 1846 770 1890 cum
793 1822 826 1889 hi
843 1823 954 1908 qn0s⁴
977 1822 1145 1907 proposita
1168 1829 1261 1889 tanta

92 1934 226 2013 propter
249 1928 486 2014 philosophiam
502 1930 718 2015 pertulerunt,
742 1935 869 1995 tantum
892 1928 1124 1994 laboraverunt
1147 1935 1183 1994 ut
1207 1951 1262 1995 eos

93 2055 133 2098 ex
156 2054 266 2099 eorum
298 2034 561 2118 responsionibus
593 2036 782 2102 materrima
806 2033 849 2120 (l)
879 2032 1072 2100 venerabilis
1096 2033 1262 2101 facultatis

90 2139 216 2205 arcium
239 2137 352 2223 dignos
370 2140 580 2225 judicaverit,
611 2141 683 2227 quis
708 2146 766 2220 est,
789 2163 848 2226 per
872 2139 949 2206 deos
973 2140 1183 2221 immortales,
1207 2141 1262 2227 qui

91 2245 213 2311 laureae
241 2245 408 2330 praemium
431 2246 510 2331 ipsis
542 2246 703 2331 denegare
735 2253 855 2330 posset,
890 2267 955 2331 quo
985 2245 1066 2310 fiant
1094 2246 1137 2312 ad
1160 2247 1261 2311 conti·

90 2351 238 2417 nuendas
254 2351 441 2436 disciplinas
457 2351 641 2419 alacriores.
665 2354 732 2437 Ego
755 2353 854 2436 igitur
877 2352 1054 2417 autoritate
1071 2351 1149 2417 mihi
1172 2372 1257 2417 com-

91 2457 192 2523 missa
224 2457 314 2524 vobis
349 2457 497 2525 omnibus
528 2464 561 2523 et
590 2459 762 2543 unicuique
793 2463 935 2523 vestrum
959 2456 1054 2523 trado
1077 2457 1110 2521 in
1133 2456 1261 2522 artibus

90 2563 379 2631 baccalaureatnm
415 2564 495 2631 dans
526 2569 687 2649 praeterea
718 2562 851 2629 cuilibet
882 2562 1121 2628 auctoritatem·
1134 2561 1261 2646 legendi

91 2669 283 2754 disputandi
305 2676 339 2735 et
362 2673 488 2735 ceteros
512 2677 605 2737 actus
629 2669 800 2736 exercendi
823 2668 906 2734 bunc
930 2666 1066 2753 gradum
1090 2666 1261 2734 baccalau-

90 2783 205 2842 reatus
238 2780 468 2842 concernentes
500 2775 552 2842 hic
582 2781 616 2842 et
653 2775 772 2861 ubique
805 2775 949 2841 locorum
977 2775 1218 2859 pronuncioque
1247 2772 1259 2810 ⁵

91 2903 148 2949 vos
172 2883 204 2947 in
229 2881 355 2948 artibus
379 2881 610 2948 baccalaureoe
633 2882 666 2947 in
689 2881 817 2949 nomine
841 2887 901 2947 etc.

180 2987 353 3072 Reliquum
382 2992 448 3067 est,
477 2995 515 3053 ut
542 2987 584 3052 ad
607 2989 789 3072 graciarum
814 2988 958 3053 actiones
983 3009 1033 3053 me
1058 2995 1259 3068 convertam

92 3095 127 3161 id
151 3093 239 3178 quod
263 3093 348 3158 inter
372 3093 479 3158 omnia
502 3094 580 3159 mihi
602 3095 884 3178 perdifficillimum
903 3092 1055 3179 judicavi.

251 3282 322 3348 Ergo
340 3281 389 3332 tibi
409 3297 517 3349 magnas
537 3281 640 3348 agimus
659 3282 730 3334 Deus
750 3283 847 3350 optime
863 3288 951 3351 grates
971 3283 981 3316 ὓ

306 3371 364 3432 Quo
382 3368 439 3419 sine
460 3369 500 3419 nil
518 3369 637 3420 homines
656 3370 801 3421 auxiliante
818 3370 916 3421 valent.

254 3458 289 3508 Et
307 3457 384 3508 nobis
403 3457 490 3524 superi
510 3456 702 3508 celebrantibus
721 3458 809 3510 ethera
827 3472 958 3508 summum
977 3455 987 3490 ²

307 3547 380 3608 Quos
400 3545 478 3595 habet
496 3544 592 3595 excelsi
610 3538 685 3595 curia
703 3551 795 3596 sancta
814 3544 862 3594 dei.

254 3633 354 3684 Deinde
372 3631 421 3683 sub
439 3633 555 3683 infernas
573 3632 676 3699 placeat
694 3631 848 3685 descendere
865 3631 938 3682 sedes

305 3720 339 3770 Et
356 3719 418 3770 dare
436 3719 584 3786 promeritis
602 3721 710 3787 praemia
727 3726 804 3786 grata
822 3718 897 3770 viria.

668 3891 684 3928 ’k

171 4018 182 4062 1
204 4013 355 4080 appetisetis
372 4029 449 4064 mser.
506 4015 620 4066 2Nach:
639 4014 744 4081 volupt:
764 4014 843 4080 hujus
861 4019 990 4080 anagastr.
1008 4028 1084 4064 macr.
1139 4011 1203 4062 seo
1220 4009 1264 4061 fiir

90 4102 138 4152 das
158 4100 389 4152 unverstllndliche
408 4108 513 4168 peperat
532 4119 609 4153 macr.
673 4103 849 4154 4Nochmala
868 4118 910 4153 am
930 4101 1003 4164 rand,
1023 4115 1099 4151 macr.
1169 4101 1262 4166 ὁριο-

90 4189 258 4254 nunccioque
282 4205 357 4239 mser.
431 4189 523 4242 enin
548 4207 622 4242 verse
647 4190 706 4242 sind
732 4190 784 4242 alle
809 4190 870 4242 roth
894 4188 1096 4242 unterstrichen.
1171 4186 1262 4237 lDas

91 4293 169 4328 macr.
189 4275 261 4327 hatte
281 4277 479 4344 ursprlinglich:
504 4293 633 4341 summum
653 4278 700 4331 das
718 4279 809 4331 smalto
827 4295 839 4329 a
858 4279 893 4329 iat
911 4278 972 4329 aber
989 4273 1188 4344 ausgeatrichen
1206 4271 1261 4325 und

91 4381 127 4419 an
147 4363 239 4416 dassen
259 4364 333 4415 stello
350 4364 392 4415 die
410 4364 591 4433 gewbhnlichc
609 4365 765 4438 abkliraung
783 4367 826 4419 lllr
844 4365 891 4418 das
909 4383 932 4418 m
953 4382 994 4424 am
1014 4364 1078 4416 ende
1096 4363 1225 4437 gemacht.
