2716 4898
640 295 707 362 234

640 526 716 593 CCI.

1279 536 1283 593 l

164 611 238 666 Rom.
1012 616 1047 666 25
1066 613 1128 665 Jan.
1149 609 1210 661 1515.
1281 596 1283 641 3

92 685 153 763 Jo.
182 685 327 762 Potken
373 686 593 787 praepositus
629 686 665 763 S.
697 687 850 787 Georgii
881 684 1054 762 Coloniae
1089 711 1170 759 cum
1196 683 1235 758 soi

92 811 280 887 amantiss.
302 808 339 884 J.
354 807 400 901 Q.
420 811 432 860 ¹
450 810 477 885 J
478 810 592 884 oanni
609 811 793 887 Reuchlin
805 810 1008 887 Phorccnsi
1024 809 1101 885 Lu.
1123 805 1237 882 doctori

597 933 634 1009 S.
656 935 700 1009 D.
720 934 763 1009 P.

181 1080 270 1147 Nihil
297 1078 506 1165 ambigimus,
539 1043 725 1149 doctissime
756 1083 885 1162 Doctor,
914 1081 993 1166 quin
1022 1086 1057 1146 et
1090 1083 1199 1144 nostra
1215 1081 1238 1142 ct
1279 1068 1283 1145 l

94 1187 233 1254 aliorum
255 1186 315 1253 tibi
338 1192 371 1253 et
386 1187 578 1252 innocentiae
594 1192 658 1253 tuae
674 1188 853 1254 faventium
868 1187 983 1266 literae,
1006 1191 1041 1252 te
1057 1185 1101 1251 ob
1116 1183 1238 1250 Picamn

92 1314 158 1359 uon
185 1296 333 1377 pertecta
362 1291 395 1356 in
426 1291 565 1359 urbibus
588 1293 781 1375 volantium,
809 1294 867 1360 sed
896 1292 1028 1358 vicatim
1051 1296 1087 1357 et
1111 1288 1238 1355 domatin

94 1398 194 1464 etiam
228 1398 363 1464 casatim
394 1397 526 1462 humum
557 1419 621 1463 non
649 1407 789 1483 quatuor
820 1399 879 1465 sed
910 1398 1055 1482 quinque
1086 1395 1234 1480 digitorum

93 1503 231 1590 pedibus
254 1502 450 1569 calcantium
473 1511 507 1569 et
530 1511 690 1589 qnaestum
713 1504 921 1571 mendicitate
937 1501 1128 1568 facientium
1144 1497 1237 1564 vexati·

94 1631 182 1692 ones,
215 1610 300 1676 forte
331 1608 588 1690 formidulosum,
616 1610 819 1695 aliquantum
843 1613 1003 1689 recreent,
1035 1624 1140 1691 eaque
1161 1604 1236 1670 dem

94 1720 128 1783 ts
150 1715 191 1782 de
215 1715 377 1782 nonnullis
399 1715 554 1800 proximis
578 1715 692 1782 diebus
715 1738 774 1801 pro
799 1722 832 1782 et
847 1720 962 1781 contra
976 1720 1011 1780 te
1027 1715 1139 1779 Romae
1152 1708 1237 1796 gestis,

94 1821 267 1888 certiorem
289 1821 398 1887 faeere
422 1821 616 1887 curavimus.

184 1928 244 1993 Die
268 1928 432 1993 Veneris2
461 1928 607 2010 proximo
630 1925 733 2012 lapso,
756 1924 850 1991 nobis
873 1923 1105 2010 praesentibus,
1134 1923 1239 1989 decreta

95 2029 157 2098 fuit
203 2032 351 2099 inhibitio
387 2055 447 2118 per
484 2033 790 2099 reverendissimum
826 2029 1027 2097 cardinalem
1069 2029 1239 2104 Grimanuu,

95 2137 235 2204 alterum
258 2159 298 2204 ex
321 2138 447 2205 dnobus
471 2137 667 2223 dignissimis
690 2135 910 2204 cardinalibus
939 2134 982 2202 ad
1006 2132 1238 2220 cognoscendum

95 2250 131 2312 et
152 2244 391 2310 terminandum
415 2265 526 2311 omnes
549 2251 583 2310 et
606 2245 748 2328 singulas
771 2265 888 2310 causas
902 2248 977 2307 tuas
992 2262 1052 2326 per
1068 2246 1240 2326 postremm

95 2351 290 2436 rescriptum
312 2351 346 2415 in
368 2349 569 2416 inhibitionis
585 2350 799 2416 instrumento
815 2350 973 2415 insertum
989 2346 1165 2433 deputatis,
1186 2363 1241 2430 quo

96 2455 191 2523 modo
215 2477 256 2522 ex
278 2461 390 2521 tenore
416 2455 561 2540 ejusdem
584 2455 800 2537 instrumenti,
824 2454 912 2541 quod
935 2451 979 2518 ad
1002 2453 1051 2519 tui
1075 2449 1241 2519 consolatio
1281 2520 1283 2537 Ι

96 2583 172 2630 nem
203 2567 238 2628 et
263 2561 431 2647 jactantiae
464 2560 524 2626 tibi
555 2561 801 2627 adversantium
831 2559 1053 2626 confusionem
1075 2558 1119 2625 ad
1141 2563 1172 2624 te
1192 2555 1242 2622 nit

95 2669 178 2735 titur
200 2668 328 2753 plenius
352 2666 521 2751 intelliges.
566 2667 730 2752 Adempta
754 2673 805 2733 est
827 2666 925 2732 tertio
944 2664 1049 2751 judici
1074 2656 1241 2730 Cardinal³

97 2774 200 2841 omnis
218 2773 403 2858 jurisdictio
433 2772 579 2858 perbelle
603 2773 747 2857 quidem,
781 2794 821 2838 ne
852 2777 987 2856 propter
1012 2771 1205 2859 superiorem¹
1220 2766 1242 2830 iu

97 2879 169 2962 ripa
199 2877 341 2945 fluminis
372 2878 496 2957 locum,
526 2900 624 2964 quom
654 2879 760 2944 denuo
791 2877 938 2957 obtinet,
963 2881 1080 2961 potum
1102 2875 1162 2941 tibi
1182 2873 1243 2938 torta

98 2983 275 3050 turbasset.
321 2984 483 3050 Jussimus
511 2986 645 3068 nuper⁴
676 2992 709 3050 et
731 3004 817 3048 nunc
840 3002 970 3068 qnoque
989 2980 1156 3067 jubemus,
1182 2978 1244 3044 bonu

97 3092 131 3154 te
155 3109 225 3154 esse
241 3087 358 3169 animo,
382 3095 596 3176 optamusque
620 3096 656 3155 ut
672 3091 757 3156 sicut
780 3089 906 3174 egregie
929 3087 1075 3173 coepisti,
1098 3108 1157 3171 pro
1180 3079 1243 3150 virili

99 3212 202 3276 cures,
225 3199 264 3260 nt
287 3194 428 3260 omnium
461 3195 625 3261 climatum
655 3202 767 3281 gentes
790 3216 825 3261 se
848 3194 916 3261 suis
940 3193 1069 3278 sibique
1092 3187 1245 3278 respectio

99 3299 214 3368 alienis
238 3300 356 3386 linguis
380 3301 516 3367 invicem
538 3301 730 3384 intelligant.

187 3405 271 3473 Nam
293 3405 328 3473 id
351 3405 497 3492 profecto
522 3408 742 3473 necessarium
766 3411 830 3485 est,
854 3406 881 3470 si
905 3404 1038 3471 tandem
1062 3423 1148 3469 unus
1170 3396 1248 3468 fuerit

98 3516 220 3598 pastor,
256 3534 357 3578 unum
388 3517 422 3577 et
454 3512 536 3579 ovile
567 3534 696 3579 novum.
748 3511 835 3578 Proh
870 3510 963 3576 dolor
993 3515 1131 3594 propter
1158 3511 1249 3574 nostru

99 3618 322 3703 majorumque
345 3624 532 3684 nostrornm
556 3624 693 3703 peecata
716 3640 737 3683 a
759 3624 905 3701 tempore
929 3615 1152 3701 apostolorum
1178 3613 1249 3687 citra

36 3760 41 3767 ·
99 3723 233 3808 spiritus
256 3729 387 3789 sanctus
410 3723 452 3788 ad
475 3724 650 3789 humanum
675 3744 777 3809 genus
800 3724 833 3788 in
857 3720 964 3806 speeie
986 3719 1107 3786 visibili
1121 3741 1183 3785 non
1197 3716 1250 3783 des

100 3828 218 3895 cendit.
265 3828 329 3894 Sed
362 3828 481 3894 donum
518 3828 721 3896 diversarum
753 3829 939 3912 linguarum
972 3830 1023 3891 tot
1051 3826 1122 3910 jam
1152 3819 1250 3891 seculis

98 3940 261 4022 negatum,
285 3933 503 4000 calamitatem
527 3941 561 4001 et
584 3936 748 4001 miseriam
771 3930 1117 4017 mortaliumtandem
1138 3930 1251 3996 misera

671 4081 688 4119 *

174 4177 185 4223 1
206 4173 281 4223 Etwa
294 4168 432 4221 Jobannss
446 4170 566 4232 Quouus,
586 4168 652 4220 oben
671 4187 691 4221 s.
711 4172 770 4231 223,
790 4186 813 4220 a.
828 4173 852 4218 2.
927 4166 1009 4218 anie
1027 4165 1148 4234 Veneris}
1168 4167 1196 4215 19
1206 4161 1253 4213 Jm·

99 4260 148 4312 Die
166 4259 286 4311 urkuude
305 4259 340 4309 ist
357 4258 492 4309 anthalten
514 4259 543 4308 in
562 4263 620 4309 actu
642 4258 804 4324 judiciorum
818 4257 839 4322 j.
861 4259 876 4305 3
895 4255 936 4306 bis
954 4254 974 4304 J
993 4256 1024 4303 5⁸
1043 4253 1202 4319 (wiederholt
1222 4245 1254 4298 bol

99 4347 186 4413 Majus
208 4365 229 4397 s.
249 4349 299 4397 467
319 4344 361 4397 bis
380 4348 444 4414 470)
469 4345 521 4411 vgl.
543 4345 671 4396 Reuchlin
696 4363 716 4396 s.
739 4347 799 4395 314.
874 4343 1092 4394 3Vermuthlicb
1113 4341 1201 4397 chh·
1217 4336 1254 4391 Cu·

98 4433 207 4506 rarajd.
280 4437 297 4489 t
317 4433 369 4490 ltin
386 4430 505 4488 francet
523 4432 593 4490 brief
607 4432 727 4489 Pctkcns
744 4432 780 4486 ist
798 4431 872 4487 nicht
891 4429 1021 4488 trudan.
1226 4421 1228 4424 Α
