2716 4898
643 293 710 360 206

93 488 169 568 post
190 505 296 550 meum
319 504 483 550 recessum
508 505 549 551 er
572 483 741 569 Mogontia
763 483 960 554 furibundus
982 487 1047 554 ista
1070 482 1244 553 fraterculus

92 589 220 655 nomine
247 589 431 676 inquisitor,
461 589 715 675 appellationem
743 596 859 656 contra
880 591 1185 659 reverendissimum
1203 591 1245 658 do

93 695 214 768 minum
238 695 463 780 Mogontinnm
484 695 576 761 misit
595 699 605 733 ¹
635 702 670 760 et
698 695 728 760 ei
750 716 823 760 cnm
846 698 975 763 notario
999 705 1035 764 et
1056 697 1193 764 testibus
1210 697 1246 762 iu

93 802 241 880 sinuavit,
264 822 303 866 ac
326 801 534 867 nihilominus
557 799 601 865 ad
624 801 735 867 valvas
751 801 898 868 ecclesiae
914 803 1116 888 lloguntinae
1130 800 1245 869 eandem

93 907 344 991 appellationem
367 907 529 973 intimavit
551 928 624 973 oum
647 907 778 972 insertis
801 909 1016 975 atrocissimis
1038 908 1182 994 injuriis,
1205 928 1246 974 nc

93 1013 240 1077 minatim
263 1014 296 1077 in
319 1013 389 1078 haec
411 1012 511 1079 verba
534 1012 582 1078 sic
604 1012 733 1077 dicens:
769 1013 876 1097 ,qnod
904 1014 975 1098 ipse
999 1013 1245 1099 archiepiscopos

93 1123 216 1184 temere
245 1119 285 1183 de
313 1118 401 1185 facto
423 1119 568 1203 iniqnnm
591 1117 741 1202 ponendo
763 1117 1031 1202 impedimentum
1054 1119 1124 1186 suis
1147 1117 1245 1183 litteris

93 1224 163 1308 ejus
196 1224 301 1308 sigillo
333 1224 538 1290 communitis
573 1225 606 1288 in
640 1224 745 1308 figura
778 1224 894 1308 judicii
924 1230 1076 1310 tempore
1110 1221 1244 1290 faciende

93 1331 262 1395 sententia
294 1330 423 1413 publice
452 1330 545 1396 lectis
578 1335 614 1395 et
636 1330 811 1414 publicetis
835 1351 911 1396 suos
940 1329 985 1396 ad
1008 1328 1194 1416 hujusmodi
1211 1328 1243 1392 in

93 1435 276 1520 quisitionis
298 1436 462 1520 negotium
486 1442 520 1502 et
542 1436 575 1501 in
598 1456 699 1501 causa
721 1434 797 1500 fidei
820 1435 995 1520 deputatos
1011 1435 1243 1512 commissarios,

93 1562 176 1626 quos
198 1542 231 1606 in
254 1542 496 1626 suspensionem
512 1562 620 1608 causae
636 1540 677 1606 ad
693 1563 836 1607 mensem
852 1542 1036 1608 consentire
1052 1540 1242 1618 noluerimus,

94 1668 246 1733 expresse
270 1669 440 1714 revocasse
464 1647 584 1713 dicitur
615 1653 649 1713 et
671 1649 837 1714 revocavit
858 1648 893 1713 in
916 1647 1109 1714 orthodoxa
1130 1644 1202 1712 fidei
1218 1650 1243 1711 ct

94 1755 239 1820 ecclesia
262 1754 439 1820 catholicae
462 1754 641 1834 laesionem,
670 1775 842 1839 processus
867 1751 944 1819 fidei
968 1753 1143 1819 sinceriter
1164 1757 1196 1818 et
1211 1750 1243 1816 le

94 1859 197 1944 gitimi
227 1860 369 1925 instituti
404 1861 587 1926 irrisionem
619 1867 654 1926 et
684 1861 869 1926 illusionem
892 1858 1016 1925 Christi
1051 1855 1193 1925 fidelium
1216 1860 1243 1921 et
1277 1860 1288 1929 t

94 1965 198 2030 nostri
220 1964 314 2030 officii
336 1964 534 2044 scandalum,
554 1965 690 2050 justitiae
712 1965 980 2051 impedimentum
1003 1985 1043 2030 ac
1064 1965 1097 2029 in
1114 1959 1243 2049 graina

94 2090 182 2135 mum
205 2076 239 2136 et
260 2070 477 2137 intollerabile
501 2078 647 2137 nostrum
670 2071 823 2138 damnum
845 2072 971 2157 pariter
1001 2076 1036 2137 et
1058 2067 1248 2156 gravamen‘a

96 2175 139 2241 Et
161 2184 279 2242 oaeoera
301 2176 403 2242 multo
426 2178 583 2260 turpiora.

184 2281 254 2360 Quo
277 2279 401 2348 factum
424 2289 485 2362 est,
513 2288 552 2349 ut
578 2281 852 2367 appellationibus
880 2281 1002 2349 nostris
1036 2275 1247 2347 reverendid·

98 2406 171 2455 mus
194 2388 343 2455 dominns
366 2388 573 2473 Mogontinus
595 2387 752 2454 detulerit
773 2393 808 2454 et
829 2387 968 2472 amplius
990 2387 1023 2451 in
1040 2388 1256 2453 causanosutL

97 2510 212 2560 manus
243 2516 407 2579 apponere
437 2494 528 2560 nolit.
573 2495 622 2560 De
645 2516 709 2579 quo
733 2494 784 2578 egi
807 2493 964 2559 maximas
987 2490 1248 2558 excellentissima

97 2599 345 2675 dominationi,2
368 2599 499 2684 gratias.
545 2601 589 2665 Et
610 2601 657 2666 sic
679 2599 868 2685 praedonum
884 2598 1016 2664 strictos
1032 2598 1122 2663 evasi
1143 2593 1248 2680 gladios

101 2706 160 2771 et⁸
182 2706 329 2771 dominns
350 2705 438 2770 Deus
461 2711 533 2770 erat
547 2725 682 2786 mecum,
706 2726 805 2790 quum
821 2704 919 2771 alieni
941 2704 1187 2770 insurrexerunt
1205 2696 1249 2765 al-

99 2830 226 2879 versum
256 2831 307 2877 me
331 2816 365 2876 et
387 2810 489 2877 fortes
512 2812 731 2896 quaesiverunt
752 2811 893 2877 animam
916 2831 1022 2876 meam
1045 2815 1081 2876 et
1102 2828 1168 2875 non
1190 2824 1249 2891 pro

99 2924 278 3001 posuerunt
301 2917 404 2984 Deum
432 2923 509 2983 ante
537 2924 746 3001 conspectum
769 2937 862 2989 suum
884 2915 913 2996 4;
941 2915 1061 2981 iccirco
1089 2934 1176 2980 nnuc
1194 2904 1268 2976 aas·

96 3041 189 3103 vere,
223 3022 300 3106 quia
328 3023 417 3088 misit
449 3023 597 3090 domiuus
629 3023 779 3106 angelum
813 3042 906 3088 suum
942 3026 976 3087 et
1007 3019 1130 3104 eripnut
1151 3037 1200 3084 me
1216 3010 1249 3078 dt

96 3146 195 3195 mann
215 3127 430 3213 inquinatoris
454 3135 488 3195 et
510 3129 597 3195 omni
620 3128 845 3214 expectatione
867 3125 1131 3212 praedicatorum.
1167 3112 1256 3190 arri

97 3234 182 3301 enim
203 3232 265 3301 Dei
287 3235 394 3319 gratia
416 3234 450 3299 in
473 3233 692 3319 appellatione
715 3253 788 3300 mea
810 3233 894 3299 bene
915 3231 1082 3299 fundatus.

185 3343 221 3407 In
252 3341 340 3407 calce
371 3340 431 3406 hoc
462 3339 637 3426 adjungere
660 3339 792 3424 placuit,
821 3337 908 3424 qnod
930 3336 1164 3423 predicatores
1186 3335 1248 3400 ann

96 3446 181 3515 hunc
203 3467 391 3533 processum
412 3445 607 3530 petiverunt,
629 3466 681 3510 me
704 3445 879 3525 nesciente,
906 3443 1040 3510 consilia
1063 3463 1085 3508 a
1106 3439 1248 3508 facultate

95 3553 265 3638 theologiae
288 3552 388 3619 studii
411 3550 620 3617 Lovaniensis
649 3557 683 3615 et
706 3548 946 3616 Erdlordiensis
970 3547 992 3629 ⁶,
1016 3547 1157 3633 doloque
1179 3540 1250 3612 melo

96 3658 294 3745 deceperunt
310 3657 516 3724 consulentes
533 3656 684 3723 doctores
700 3657 958 3737 universitatum,
973 3652 1048 3720 falsi
1059 3650 1249 3737 suggestione

96 3766 272 3851 proposita.
325 3763 408 3829 Nam
442 3784 515 3830 oum
550 3762 593 3828 sit
626 3761 757 3828 oculme
792 3760 959 3848 speculum
991 3780 1075 3826 unus
1110 3763 1197 3824 totus
1224 3754 1252 3816 el

96 3870 224 3956 integer
249 3871 333 3936 liber
356 3870 407 3936 sui
437 3869 539 3953 ipsius
568 3867 787 3934 declaratirus
816 3866 853 3932 in'
872 3888 936 3933 nno
960 3885 1097 3950 corpore
1121 3877 1251 3946 compre

96 3976 241 4044 hendens
264 3976 432 4043 consilium
455 3992 563 4040 menm
587 3980 621 4040 et
643 3973 788 4058 ejusdem
804 3972 1059 4038 declarationem
1075 3990 1183 4036 meam
1195 3972 1251 4032 tam

97 4085 242 4166 latinam,
266 4104 363 4170 quam
387 4080 596 4160 teutonicam,
620 4078 674 4144 isti
697 4079 930 4164 predicatores
946 4077 1253 4160 excerpserunttan·

97 4190 263 4259 tummcdo
296 4188 465 4256 consilium
495 4185 564 4251 sine
600 4184 821 4252 declaratione
853 4189 888 4251 et
918 4182 984 4249 alia
1017 4181 1097 4248 folia
1132 4185 1166 4246 et
1186 4175 1254 4243 alios

664 4289 683 4325 ti

172 4352 293 4402 lamisit
321 4354 343 4401 1.
416 4346 637 4398 tdomlnationis
663 4351 685 4396 1.
759 4343 899 4413 dgladios
921 4359 955 4395 ex
981 4347 1003 4393 l.
1077 4345 1152 4410 lps.
1172 4333 1254 4402 δήὸ.

98 4435 194 4509 tvgl.
212 4437 341 4495 Reuchlin
361 4454 381 4490 s.
402 4439 452 4490 282
473 4437 501 4488 ff.
908 4448 912 4454 ·
1205 4435 1206 4438 ’
