2790 4882
668 253 711 317 48

106 452 163 530 gut
186 449 285 524 ware,
315 465 405 511 wenn
430 443 524 528 jeder
547 443 630 509 hirst
653 443 699 508 sie
724 441 850 507 leonte.
896 440 1069 506 Politische
1106 441 1274 507 nachrich·

106 559 161 615 ten
193 550 276 616 habe
308 573 343 615 er
372 533 462 614 nicht
496 547 690 632 mitgetheilt
723 551 742 625 ¹,
782 546 851 611 weil
882 546 1069 611 zwietraeht
1097 547 1162 612 unrl
1191 547 1273 612 stola

107 655 167 720 der
197 655 320 719 fursten
350 654 464 719 heinen
489 653 708 737 gedeihliohen
741 652 843 734 ersolg
865 651 1003 734 moglich
1032 652 1181 717 machten
1206 651 1273 716 und
1323 719 1326 721 ,

107 760 166 826 das
196 759 327 843 gemiith
358 760 445 824 eines
473 759 572 843 jeden
594 756 935 839 vaterlandsfreundes
964 757 1023 823 mit
1052 757 1195 822 schmerz
1225 780 1273 822 er-

106 863 230 930 ftillten.
276 866 342 930 Der
365 864 481 947 herzog
504 863 674 928 Eberhard
697 863 802 927 werde
825 862 891 926 ihm
916 885 976 928 von
1003 862 1193 947 „gallischer
1218 864 1288 931 ber

107 969 325 1036 redsamkeit“
346 968 495 1034 sohicken
514 970 534 1032 ².

120 1110 121 1114 ,
195 1078 357 1138 Gedrnckt:
385 1078 553 1141 l=O.v.
577 1074 739 1147 e.caeb;
765 1068 888 1137 2:21.
912 1095 937 1136 v.
957 1080 1071 1151 e.d2;
1098 1079 1269 1137 3=O.v,

106 1178 389 1256 e.11f01.21bfg.;
417 1183 704 1243 4=Mttlleraa
723 1201 789 1241 aa.
809 1184 927 1256 ssofg.

648 1417 729 1483 LIV.

173 1536 264 1592 'Rasa
987 1545 995 1588 ι
1019 1537 1137 1589 Oktober
1160 1541 1234 1589 1495.

222 1677 457 1751 Sebastianus
475 1677 592 1749 Brant
610 1676 635 1749 J
637 1677 749 1749 oanni
767 1676 949 1750 Reuchlin
969 1675 1145 1751 Salutem.

136 1920 138 1925 -
196 1872 322 1955 Literas
345 1877 420 1935 tuas
444 1869 465 1948 ³,
490 1871 691 1954 optatissime
715 1871 830 1950 frater,
853 1870 932 1935 mihi
955 1871 986 1934 in
1009 1870 1121 1954 primis
1145 1891 1270 1947 suaves,

107 1998 145 2040 eo
164 1975 336 2060 jocundius
362 1975 468 2059 recepi
492 1975 708 2060 hilarioreque
731 1976 822 2042 vultu
844 1975 981 2060 perlegi,
1012 1997 1075 2060 quo
1100 1977 1203 2041 serius
1227 1974 1269 2038 nd

85 2088 157 2146 ‘me
181 2080 311 2146 tandem
335 2077 480 2165 (tametsi
507 2103 570 2147 non
593 2082 715 2165 absque
739 2081 869 2146 fastidio
897 2081 1055 2146 hactenus
1085 2083 1268 2164 expectato)

107 2185 256 2270 prodiere
280 2191 378 2270 atque
410 2187 534 2252 utinam
567 2208 618 2252 me
649 2187 798 2253 idoneum
833 2186 948 2252 saltem
981 2186 1195 2265 existimares,
1229 2186 1271 2250 ad

107 2313 201 2376 quem
227 2291 372 2357 crebrius
396 2290 578 2358 humanitas
603 2301 660 2358 tua
683 2292 825 2358 scribere
841 2314 903 2358 non
920 2292 1157 2376 dedignaretur.
1195 2293 1271 2358 Pos-

107 2418 159 2463 ses
184 2398 302 2462 etenim
326 2395 388 2484 (ta
417 2420 476 2482 per
504 2405 631 2464 ecastor
661 2396 799 2481 credas),
831 2400 874 2462 mi
905 2399 1016 2480 frater,
1044 2399 1121 2463 mihi
1146 2399 1270 2481 gratuis

107 2502 215 2568 facere
227 2503 315 2567 nihil.
340 2503 403 2569 Sed
413 2504 594 2588 jandudum
611 2504 685 2584 scio,
702 2504 847 2570 forenses
864 2504 922 2569 tibi
938 2504 1187 2588 pertractandas
1200 2525 1270 2568 esse

107 2629 222 2673 causas
238 2609 466 2690 creberrimae,
498 2631 601 2695 neque
625 2632 752 2675 rursum
772 2632 822 2674 me
839 2610 935 2689 latet,
968 2631 1064 2694 quam
1085 2608 1270 2694 frequentin

107 2714 165 2778 tibi
191 2714 255 2778 sint
279 2714 447 2780 subeunda
470 2714 649 2780 castrensia
672 2716 814 2798 negocia,
838 2715 871 2779 id
895 2715 982 2800 quod
1013 2737 1115 2800 nuper
1145 2715 1175 2778 in
1208 2714 1268 2778 nb-

107 2819 194 2883 hatis
207 2821 310 2884 nostri
320 2820 578 2903 spanheimensis
589 2820 766 2904 Catalogo⁴
776 2821 900 2904 absque
913 2822 1068 2905 suspiriis,
1081 2819 1270 2885 communis-

109 2917 171 3008 que
204 2925 318 3008 patriae
351 2931 468 2990 nostrae
493 2925 705 3008 querimonia,
741 2927 907 3009 praeterire
940 2949 1003 2991 non
1036 2917 1135 3010 potui.
1190 2925 1268 2989 Cum

108 3031 288 3113 prasertim
305 3042 341 3096 tu
358 3031 445 3096 solus
462 3034 494 3094 et
510 3050 592 3094 unns
609 3030 737 3111 existas,
762 3033 816 3116 qui
834 3032 1040 3096 Germaniam
1056 3038 1199 3097 nostram
1225 3033 1270 3095 in-

97 3135 201 3222 ·genio
233 3142 288 3201 tuo
319 3136 548 3214 illuminatam,
583 3136 710 3219 scriptis
734 3138 798 3202 tuis
823 3138 1107 3203 desideratissimis
1127 3136 1269 3200 illustra-

108 3247 176 3305 tam
201 3241 442 3308 celeberrimam
468 3261 594 3324 quoque
618 3241 755 3308 reddere
786 3265 911 3327 posses,
943 3243 999 3308 sed
1022 3250 1080 3307 tua
1103 3251 1135 3306 te
1167 3242 1268 3305 virtus

684 3423 700 3456 *

182 3529 191 3574 l
215 3521 275 3590 vgl.
294 3521 362 3574 oben
381 3520 473 3572 nro.L
492 3522 544 3572 und
556 3522 611 3573 Lll.
670 3529 683 3574 2
705 3526 770 3575 llald
789 3525 855 3574 nach
876 3523 972 3573 diesem
994 3522 1075 3572 briefe
1094 3523 1128 3572 ist
1142 3522 1269 3573 Reuchlin

108 3611 191 3663 solbet
209 3612 277 3662 naob
292 3611 395 3660 Worms
411 3609 575 3674 gehommen,
596 3612 650 3677 vgl.
664 3612 792 3662 Rouohlin
812 3627 832 3661 s.
848 3613 880 3660 39
901 3611 952 3660 und
977 3620 1055 3661 unton
1075 3627 1131 3661 nro.
1154 3611 1206 3674 LV,
1226 3613 1271 3661 hot

107 3701 170 3751 aber
190 3700 265 3752 Wolf
279 3699 352 3748 nicht
370 3698 443 3748 mehr
461 3700 591 3764 genehen,
611 3701 664 3765 vgl.
691 3716 746 3750 nro.
767 3699 859 3748 LVlll.
934 3700 1022 3749 3Der
1044 3700 1123 3763 brief,
1148 3701 1269 3766 aogleich

108 3790 158 3840 wol
177 3791 236 3839 eine
251 3795 362 3837 antwort
381 3787 428 3836 aul
444 3789 511 3838 oben
530 3806 586 3839 ιιιο.
606 3787 698 3848 XLIV,
718 3789 753 3836 ist
771 3786 845 3836 nicht
863 3786 988 3838 erhalten.
1045 3797 1058 3838 4
1081 3789 1148 3839 Abb.
1163 3789 1269 3855 Spuma]

107 3877 172 3949 doh.
190 3875 349 3926 Trithemius
370 3875 423 3941 vgl.
444 3877 510 3926 oben
534 3892 554 3926 s.
576 3881 608 3924 4⁶2
629 3890 696 3922 anm.
722 3881 743 3936 13
774 3877 854 3924 Brunt
880 3875 963 3927 lernte
989 3877 1039 3927 wol
1063 3876 1110 3926 das
1135 3877 1204 3926 work
1231 3879 1270 3926 als

108 3965 244 4015 eorrelrtor
257 3962 301 4013 der
314 3964 554 4016 Amerbaehischen
568 3962 704 4013 dracherei
722 3979 807 4028 genau
823 3963 939 4030 pennen.
969 3966 1019 4014 Die
1036 3974 1115 4016 wortc
1128 3964 1270 4014 'Frithoims

107 4053 173 4102 tiber
186 4051 321 4116 Reuchlin,
334 4056 381 4104 aul
391 4053 433 4104 die
444 4056 524 4103 Brant
537 4051 658 4116 anspielt,
673 4051 773 4102 lauteri:
796 4054 899 4119 Dignus
912 4054 1029 4120 profecto
1044 4053 1090 4116 qni
1102 4052 1167 4102 solis
1181 4053 1271 4113 literis,

108 4154 160 4189 non
179 4140 258 4189 etiam
277 4143 448 4208 perstrepenti
468 4139 588 4207 populari
608 4141 687 4189 coria
707 4141 882 4204 incumberes
911 4141 1013 4192 nullum
1033 4140 1101 4190 enim
1124 4140 1199 4190 nobis
1219 4156 1270 4189 non

108 4224 185 4275 modo
204 4227 293 4291 Italia,
318 4230 364 4280 sed
387 4245 435 4279 nec
459 4228 585 4276 naculum
605 4226 710 4291 quidem
730 4237 847 4279 nostrum
868 4231 930 4279 huie
954 4236 1026 4279 tanto
1045 4229 1100 4281 viro
1119 4243 1206 4294 parem
1226 4228 1270 4279 ob·

105 4313 207 4376 jicoret
