2716 4898
647 279 713 347 285

92 465 216 536 audent
231 467 389 536 'ementiri
411 469 521 538 nescio
556 487 621 556 qno
650 492 703 537 me
733 472 823 556 pasci
853 492 874 538 a
898 461 1033 538 Jndaeis
1055 492 1151 552 auro,
1187 467 1276 557 qnod

90 581 220 649 tanturn
244 574 341 642 abest
367 597 388 642 a
411 576 551 644 veritate
578 583 736 662 qnantum
765 575 943 644 mendaces
965 576 1030 661 ipsi
1053 600 1074 644 a
1095 576 1273 661 probitate.

180 681 249 749 Sed
271 687 407 766 expecto
430 683 595 749 dominnm
619 689 653 749 et
677 682 816 749 viriliter
839 703 909 766 ago,
933 681 985 748 hio
1011 680 1181 767 disperdet
1203 683 1273 749 uni·

90 807 187 854 versa
209 786 300 853 labia
322 787 445 854 dolosa.
485 789 556 854 Hoc
578 789 754 872 aspirante,
778 788 840 855 boc
864 788 1010 870 docente,
1033 789 1159 873 linguas
1182 787 1273 855 disco

92 893 192 959 etiam
215 914 315 959 senex
336 893 435 978 idque
451 894 600 978 cupidius
624 915 662 960 eo
686 892 774 979 quod
798 893 889 960 nulla
904 914 1038 977 prorsus
1053 894 1173 978 ingenii
1196 879 1279 961 sunt

96 997 232 1065 bnm'ani
253 1000 365 1065 munia
395 1000 649 1084 interpretandae
672 1006 900 1066 sacrosanctae
923 1000 986 1084 legi
1005 1007 1072 1065 tam
1089 998 1279 1078 necessaria,

95 1125 196 1190 quam
220 1111 272 1171 est
293 1105 478 1190 linguarum
501 1107 627 1190 peritia.
684 1105 807 1184 Quodsi
843 1105 932 1186 libet,
962 1106 1143 1190 periculum
1170 1105 1272 1173 facito

97 1211 304 1295 scriptorum,
328 1211 489 1292 ecclesiae,
514 1213 641 1277 visurus
664 1212 744 1295 qnid
767 1212 853 1279 inter
875 1213 999 1296 peritos
1024 1212 1209 1296 linguarum
1229 1231 1271 1279 ao

97 1323 250 1401 expertes
273 1318 469 1402 interpretes
498 1318 637 1384 intersit.
687 1318 729 1383 Et
750 1318 880 1402 quidem
904 1309 1145 1394 irritarentur.
1191 1314 1285 1384 Mibi'

96 1428 209 1500 antem
237 1423 400 1489 inanimo
423 1444 486 1490 non
511 1430 563 1490 est
584 1424 617 1489 in
647 1424 822 1507 praesentia
853 1446 926 1490 eum
949 1444 1114 1508 quoquam
1137 1423 1272 1510 digladi-

95 1529 159 1610 ari,
182 1528 308 1614 alioqui
338 1535 371 1595 et
394 1528 647 1596 reclamantibus
670 1535 829 1613 quantum
862 1529 1008 1595 oratione
1032 1536 1173 1613 pottem,
1211 1551 1277 1598 ora-

93 1633 313 1702 retunderem.
366 1634 433 1701 Nec
462 1636 547 1702 enim
577 1634 661 1700 levia
688 1641 764 1700 sunt
790 1655 863 1719 quae
893 1634 1108 1718 grammatica
1130 1635 1276 1720 cognitio

93 1739 246 1825 pasturit.
302 1741 341 1807 Is.
375 1746 427 1806 est
463 1741 560 1826 plane
598 1761 693 1828 verus
724 1746 758 1806 et
785 1761 957 1823 germanus
999 1741 1170 1825 scripturae
1200 1762 1272 1807 sen-

93 1867 162 1929 sus,
196 1858 295 1931 qnam
326 1847 436 1914 nativa
472 1847 561 1914 verbi
595 1847 750 1931 cujusque
773 1846 958 1930 proprietas
998 1846 1156 1931 expedita
1186 1846 1272 1927 solet¹

94 1952 236 2036 aperire,
266 1957 303 2017 ut
326 1953 518 2036 praeteream
550 1950 679 2016 interim
704 1959 866 2036 quantum
886 1952 991 2037 possis
1017 1953 1130 2019 venari
1152 1958 1272 2039 myste-

95 2057 217 2124 riorum
240 2078 303 2123 non
328 2079 345 2123 e
369 2054 476 2121 verbis
492 2056 588 2122 modo
605 2057 663 2122 sed
678 2057 827 2140 apicibus
842 2080 925 2142 pene
945 2058 1087 2143 singulis,
1112 2058 1138 2124 si
1152 2059 1271 2142 spiritu

94 2162 250 2246 magistro
281 2162 440 2229 adoriare.
486 2160 524 2225 ld
556 2163 607 2228 vel
638 2164 777 2228 maxime
811 2184 923 2229 verum
957 2170 1007 2230 est
1032 2163 1073 2229 de
1098 2164 1268 2248 scripturis

95 2268 259 2336 hebraicis
288 2267 406 2354 quibus
421 2289 523 2351 prope
546 2267 626 2333 nihil
647 2275 697 2334 est
712 2268 870 2334 traditum
894 2269 982 2353 quod
1004 2289 1068 2334 non
1084 2267 1271 2336 umbraculi·

93 2375 162 2440 rice
184 2375 327 2459 spiritali
350 2373 833 2459 commendeturintelligentiae.
858 2375 1027 2440 Diviniora
1050 2375 1135 2440 enim
1158 2395 1223 2441 non
1238 2394 1275 2441 e.-

93 2480 176 2547 rnbo
191 2502 252 2565 per
265 2481 429 2564 angelum,
454 2480 512 2545 sed
536 2501 576 2546 ex
590 2481 719 2546 bomine
742 2502 801 2563 per
825 2480 921 2546 deum
936 2479 1121 2564 accepimus
1137 2486 1172 2546 et
1193 2500 1269 2564 pare

93 2585 160 2652 vuli
175 2586 297 2653 clarius
312 2607 410 2671 quam
425 2591 537 2670 patres
553 2588 657 2653 nostri
673 2586 827 2670 mysteria
842 2585 936 2670 regni
957 2585 1011 2650 dei
1036 2586 1273 2670 cognoscimus,

93 2692 216 2759 Tamen
236 2692 286 2758 ita
307 2713 379 2758 sese
402 2690 503 2757 babet
525 2691 666 2758 conditio
683 2697 877 2771 nostrorum,
900 2696 939 2757 nt
961 2711 1025 2758 non
1043 2690 1138 2758 modo
1160 2691 1273 2778 pluri.

92 2817 180 2864 nrum
213 2789 409 2883 adjumenti,
437 2797 556 2863 veteris
583 2796 694 2881 fignrae
723 2797 912 2864 testamenti
942 2796 985 2863 ad
1013 2796 1204 2883 explicanda
1227 2818 1274 2867 ea-

93 2903 272 2984 eonferant,
296 2903 353 2969 sed
382 2903 482 2969 etiarn
509 2901 663 2987 neglectis
686 2903 775 2969 hisee
806 2905 1009 2995 σκιαγραφίαις
1038 2903 1130 2970 adire
1152 2908 1275 2989 nostra

93 3012 245 3094 prorsum
272 3014 445 3094 nequeant.
493 3009 572 3074 Haeo
603 3009 694 3074 cordi
722 3008 854 3089 sedent,
888 3009 961 3076 baec
984 3010 1169 3092 admonent,
1197 3009 1273 3097 bac-

92 3115 283 3199 agitant,'ut
299 3113 438 3180 Hebraea
454 3120 487 3180 et
501 3135 606 3180 amem
629 3121 663 3180 et
679 3115 824 3180 excolam
847 3115 1056 3183 nibilominus
1072 3117 1122 3183 his
1136 3116 1274 3184 interim.

92 3221 236 3305 agitatus
258 3219 361 3287 malis.
398 3220 614 3286 Manca‘mihi
637 3227 750 3287 nostra
772 3220 930 3287 videntur
953 3220 1016 3286 nisi
1038 3222 1100 3288 boc
1123 3223 1274 3289 studium·

91 3345 199 3392 meum
223 3325 315 3392 bonis
339 3326 485 3392 omnibus
501 3325 680 3409 adprobem
702 3327 736 3392 id
760 3326 1000 3411 quodarbitror
1024 3348 1095 3393 esse
1118 3326 1264 3394 liberalis

92 3432 189 3497 animi
198 3438 541 3517 argumentum,atqnc
550 3433 632 3499 adeo
642 3431 879 3516 vobisprimum
888 3432 1267 3516 eccelesiaeprincipibus.

180 3537 220 3603 Id
231 3538 276 3603 'in
299 3546 416 3605 caussa
431 3544 490 3619 est,
508 3561 566 3604 cur
580 3538 681 3603 ferme
698 3537 805 3602 bmnia
828 3558 901 3603 mea
924 3558 1110 3621 quanquam
1126 3537 1264 3607 bominis

90 3643 252 3730 prophani
268 3645 371 3711 solum
384 3645 564 3711 addixerim
575 3645 615 3710 iis
624 3645 679 3729 qui
691 3644 794 3710 sacris
801 3642 920 3709 initiati
931 3649 1022 3709 sunt:
1040 3643 1197 3710 Cabalam
1207 3645 1269 3714 Ju·'

91 3747 192 3817 daicae
201 3751 307 3836 gentis
318 3751 534 3818 remotissima
545 3756 681 3831 secreta,
698 3771 823 3815 summo
832 3749 976 3816 ecclesiae
984 3746 1121 3835 principi
1130 3748 1235 3818 dicavi
1242 3754 1272 3836 ¹,·

673 3881 689 3918 ἡ(

165 3975 177 4020 1
199 3969 337 4038 Gabalum]
352 3969 394 4022 dis
408 3968 543 4038 widmung
558 3987 592 4022 an
608 3971 661 4024 Leo
674 3971 700 4022 X
713 3987 773 4022 vom
784 3968 859 4020 Mitra
870 3973 945 4035 1517,
955 3989 976 4023 s.
986 3987 1009 4022 o.
1018 3986 1072 4023 nro.
1081 3966 1272 4024 ccxxxvm'

90 4057 132 4109 dic
146 4059 193 4109 des
206 4059 306 4110 buclres
321 4076 380 4110 vom
395 4059 622 4127 wnndertblttigen
637 4068 702 4112 wort
716 4078 748 4111 an
763 4059 824 4110 doh.
838 4076 890 4110 von
906 4059 1025 4126 Dalburg
1039 4061 1055 4110 i.
1065 4060 1086 4124 j.
1102 4063 1177 4123 1494,
1197 4059 1266 4114 oben

89 4163 145 4199 nro.
161 4145 253 4197 XLVI.
288 4147 448 4198 Athanasius
463 4148 605 4215 erklitrnng
619 4149 664 4200 der
676 4148 793 4216 psalmon
814 4163 847 4197 an
860 4149 1050 4213 Questenberg,
1068 4153 1098 4198 12
1114 4148 1182 4214 Aug.
1200 4151 1267 4201 1515

89 4236 158 4287 oben
177 4253 234 4287 nro.
255 4235 360 4299 CCXV,
389 4235 431 4284 dio
455 4235 501 4286 der
525 4237 673 4288 rudimenta
692 4237 817 4288 hebraica
842 4251 875 4286 an
895 4236 985 4287 seinen
1003 4236 1101 4286 bruder
1118 4237 1267 4304 Dionysius

88 4340 149 4374 vom
170 4329 183 4374 7
205 4325 278 4374 Mltrn
300 4326 376 4387 1556,
401 4324 468 4374 oben
497 4341 552 4376 nro.
573 4327 680 4376 LXLIV
708 4326 761 4376 nnd
781 4327 823 4376 die
844 4326 890 4375 der
911 4325 1089 4391 ilbcrsctaung
1109 4325 1155 4376 dci·
1174 4328 1267 4381 sichen

88 4410 261 4483 bulipsalrncn
282 4431 315 4464 an
334 4414 422 4466 dalrob
444 4416 557 4481 Lampus
577 4432 634 4466 vom
659 4422 667 4465 l
691 4417 758 4480 Aug.
783 4417 858 4479 1512,
878 4413 944 4466 oben
966 4431 1021 4465 nro.
1043 4413 1109 4470 CLI.
