<?xml version="1.0" encoding="UTF-8"?>
<!DOCTYPE html PUBLIC "-//W3C//DTD XHTML 1.0 Transitional//EN"
    "http://www.w3.org/TR/xhtml1/DTD/xhtml1-transitional.dtd">
<html xmlns="http://www.w3.org/1999/xhtml" xml:lang="en" lang="en">
 <head>
  <title>
</title>
<meta http-equiv="Content-Type" content="text/html;charset=utf-8" />
  <meta name='ocr-system' content='tesseract 3.04.00' />
  <meta name='ocr-capabilities' content='ocr_page ocr_carea ocr_par ocr_line ocrx_word'/>
</head>
<body>
  <div class='ocr_page' id='page_1' title='image "./johannreuchlins00reucgoog/johannreuchlins00reucgoog_0068.png"; bbox 0 0 2716 4898; ppageno 0'>
   <div class='ocr_carea' id='block_1_1' title="bbox 687 277 730 343">
    <p class='ocr_par' dir='ltr' id='par_1_1' title="bbox 687 277 730 343">
     <span class='ocr_line' id='line_1_1' title="bbox 687 277 730 343; baseline 0.023 -1"><span class='ocrx_word' id='word_1_1' title='bbox 687 277 730 343; x_wconf 82' lang='grc'>56</span> 
     </span>
    </p>
   </div>
   <div class='ocr_carea' id='block_1_2' title="bbox 125 465 1301 2348">
    <p class='ocr_par' dir='ltr' id='par_1_2' title="bbox 125 465 1301 2348">
     <span class='ocr_line' id='line_1_2' title="bbox 126 465 1294 556; baseline 0 -17"><span class='ocrx_word' id='word_1_2' title='bbox 126 473 202 539; x_wconf 86' lang='lat' dir='ltr'>ras¹</span> <span class='ocrx_word' id='word_1_3' title='bbox 226 473 352 537; x_wconf 86' lang='lat' dir='ltr'>vestras</span> <span class='ocrx_word' id='word_1_4' title='bbox 366 465 609 547; x_wconf 85' lang='lat' dir='ltr'>eruditissimas,</span> <span class='ocrx_word' id='word_1_5' title='bbox 623 489 662 534; x_wconf 85' lang='lat' dir='ltr'>ex</span> <span class='ocrx_word' id='word_1_6' title='bbox 675 468 802 553; x_wconf 89' lang='lat' dir='ltr'>quibus,</span> <span class='ocrx_word' id='word_1_7' title='bbox 815 468 961 555; x_wconf 88' lang='lat' dir='ltr'>quamvis</span> <span class='ocrx_word' id='word_1_8' title='bbox 974 490 1046 536; x_wconf 92' lang='lat' dir='ltr'>cum</span> <span class='ocrx_word' id='word_1_9' title='bbox 1058 469 1216 556; x_wconf 73' lang='lat' dir='ltr'>singulari</span> <span class='ocrx_word' id='word_1_10' title='bbox 1232 469 1294 539; x_wconf 90' lang='lat' dir='ltr'>ele-</span> 
     </span>
     <span class='ocr_line' id='line_1_3' title="bbox 127 574 1294 664; baseline 0.003 -22"><span class='ocrx_word' id='word_1_11' title='bbox 127 576 248 661; x_wconf 80' lang='lat' dir='ltr'>gantia,</span> <span class='ocrx_word' id='word_1_12' title='bbox 269 574 485 641; x_wconf 79' lang='lat' dir='ltr'>intelleximus</span> <span class='ocrx_word' id='word_1_13' title='bbox 501 579 610 639; x_wconf 89' lang='lat' dir='ltr'>tamen</span> <span class='ocrx_word' id='word_1_14' title='bbox 627 595 722 640; x_wconf 88' lang='lat' dir='ltr'>curas</span> <span class='ocrx_word' id='word_1_15' title='bbox 739 582 772 640; x_wconf 90' lang='lat' dir='ltr'>et</span> <span class='ocrx_word' id='word_1_16' title='bbox 788 575 1020 642; x_wconf 81' lang='lat' dir='ltr'>sollicitudines</span> <span class='ocrx_word' id='word_1_17' title='bbox 1042 583 1184 659; x_wconf 87' lang='lat' dir='ltr'>vestras,</span> <span class='ocrx_word' id='word_1_18' title='bbox 1212 598 1294 664; x_wconf 82' lang='lat' dir='ltr'>qnae</span> 
     </span>
     <span class='ocr_line' id='line_1_4' title="bbox 128 680 1296 764; baseline 0.002 -15"><span class='ocrx_word' id='word_1_19' title='bbox 128 681 352 750; x_wconf 88' lang='lat' dir='ltr'>obabsentiam</span> <span class='ocrx_word' id='word_1_20' title='bbox 369 686 513 745; x_wconf 89' lang='lat' dir='ltr'>nostram</span> <span class='ocrx_word' id='word_1_21' title='bbox 532 680 729 764; x_wconf 78' lang='lat' dir='ltr'>suscepistis.</span> <span class='ocrx_word' id='word_1_22' title='bbox 760 682 914 747; x_wconf 89' lang='lat' dir='ltr'>Delemus</span> <span class='ocrx_word' id='word_1_23' title='bbox 931 688 1018 748; x_wconf 87' lang='lat' dir='ltr'>certe</span> <span class='ocrx_word' id='word_1_24' title='bbox 1034 704 1103 749; x_wconf 90' lang='lat' dir='ltr'>rem</span> <span class='ocrx_word' id='word_1_25' title='bbox 1119 684 1168 749; x_wconf 88' lang='lat' dir='ltr'>ita</span> <span class='ocrx_word' id='word_1_26' title='bbox 1190 704 1225 750; x_wconf 88' lang='lat' dir='ltr'>se</span> <span class='ocrx_word' id='word_1_27' title='bbox 1240 683 1296 751; x_wconf 81' lang='lat' dir='ltr'>hn·</span> 
     </span>
     <span class='ocr_line' id='line_1_5' title="bbox 125 785 1295 872; baseline -0.001 -16"><span class='ocrx_word' id='word_1_28' title='bbox 125 787 219 867; x_wconf 89' lang='lat' dir='ltr'>bere;</span> <span class='ocrx_word' id='word_1_29' title='bbox 249 808 359 854; x_wconf 90' lang='lat' dir='ltr'>verum</span> <span class='ocrx_word' id='word_1_30' title='bbox 383 806 456 851; x_wconf 90' lang='lat' dir='ltr'>cum</span> <span class='ocrx_word' id='word_1_31' title='bbox 480 786 528 850; x_wconf 89' lang='lat' dir='ltr'>ita</span> <span class='ocrx_word' id='word_1_32' title='bbox 551 785 607 865; x_wconf 90' lang='lat' dir='ltr'>sit,</span> <span class='ocrx_word' id='word_1_33' title='bbox 636 787 822 852; x_wconf 82' lang='lat' dir='ltr'>necessitati</span> <span class='ocrx_word' id='word_1_34' title='bbox 846 788 1001 872; x_wconf 89' lang='lat' dir='ltr'>temperis</span> <span class='ocrx_word' id='word_1_35' title='bbox 1024 809 1081 854; x_wconf 92' lang='lat' dir='ltr'>vos</span> <span class='ocrx_word' id='word_1_36' title='bbox 1104 788 1295 856; x_wconf 83' lang='lat' dir='ltr'>accomoda·</span> 
     </span>
     <span class='ocr_line' id='line_1_6' title="bbox 127 890 1296 980; baseline 0.003 -21"><span class='ocrx_word' id='word_1_37' title='bbox 127 892 215 961; x_wconf 91' lang='lat' dir='ltr'>bitis.</span> <span class='ocrx_word' id='word_1_38' title='bbox 261 893 425 975; x_wconf 86' lang='lat' dir='ltr'>Princeps,</span> <span class='ocrx_word' id='word_1_39' title='bbox 449 896 487 955; x_wconf 91' lang='lat' dir='ltr'>ut</span> <span class='ocrx_word' id='word_1_40' title='bbox 510 912 549 954; x_wconf 89' lang='lat' dir='ltr'>ex</span> <span class='ocrx_word' id='word_1_41' title='bbox 566 890 670 955; x_wconf 88' lang='lat' dir='ltr'>literis</span> <span class='ocrx_word' id='word_1_42' title='bbox 687 893 724 956; x_wconf 89' lang='lat' dir='ltr'>D.</span> <span class='ocrx_word' id='word_1_43' title='bbox 749 912 814 956; x_wconf 75' lang='lat' dir='ltr'>susc</span> <span class='ocrx_word' id='word_1_44' title='bbox 838 893 881 956; x_wconf 91' lang='lat' dir='ltr'>ad</span> <span class='ocrx_word' id='word_1_45' title='bbox 904 914 963 959; x_wconf 90' lang='lat' dir='ltr'>nos</span> <span class='ocrx_word' id='word_1_46' title='bbox 986 893 1097 960; x_wconf 90' lang='lat' dir='ltr'>videre</span> <span class='ocrx_word' id='word_1_47' title='bbox 1113 895 1296 980; x_wconf 80' lang='lat' dir='ltr'>potuistis¹</span> 
     </span>
     <span class='ocr_line' id='line_1_7' title="bbox 129 997 1296 1083; baseline 0.001 -18"><span class='ocrx_word' id='word_1_48' title='bbox 129 1019 215 1083; x_wconf 88' lang='lat' dir='ltr'>saepe</span> <span class='ocrx_word' id='word_1_49' title='bbox 244 1020 279 1064; x_wconf 87' lang='lat' dir='ltr'>se</span> <span class='ocrx_word' id='word_1_50' title='bbox 312 998 462 1064; x_wconf 84' lang='lat' dir='ltr'>celeriter</span> <span class='ocrx_word' id='word_1_51' title='bbox 496 997 648 1061; x_wconf 88' lang='lat' dir='ltr'>nuncium</span> <span class='ocrx_word' id='word_1_52' title='bbox 686 998 857 1062; x_wconf 88' lang='lat' dir='ltr'>missurum</span> <span class='ocrx_word' id='word_1_53' title='bbox 888 997 1070 1064; x_wconf 85' lang='lat' dir='ltr'>affirmavit.</span> <span class='ocrx_word' id='word_1_54' title='bbox 1118 1000 1229 1078; x_wconf 81' lang='lat' dir='ltr'>Quare</span> <span class='ocrx_word' id='word_1_55' title='bbox 1251 1000 1296 1066; x_wconf 89' lang='lat' dir='ltr'>nil</span> 
     </span>
     <span class='ocr_line' id='line_1_8' title="bbox 127 1102 1295 1188; baseline 0 -16"><span class='ocrx_word' id='word_1_56' title='bbox 127 1103 223 1172; x_wconf 90' lang='lat' dir='ltr'>nobis</span> <span class='ocrx_word' id='word_1_57' title='bbox 246 1102 473 1187; x_wconf 89' lang='lat' dir='ltr'>imputandum</span> <span class='ocrx_word' id='word_1_58' title='bbox 496 1108 556 1182; x_wconf 92' lang='lat' dir='ltr'>est,</span> <span class='ocrx_word' id='word_1_59' title='bbox 579 1102 656 1186; x_wconf 87' lang='lat' dir='ltr'>quia</span> <span class='ocrx_word' id='word_1_60' title='bbox 686 1111 813 1186; x_wconf 89' lang='lat' dir='ltr'>tempus</span> <span class='ocrx_word' id='word_1_61' title='bbox 838 1104 1087 1188; x_wconf 83' lang='lat' dir='ltr'>expectavimus.</span> <span class='ocrx_word' id='word_1_62' title='bbox 1133 1105 1252 1172; x_wconf 90' lang='lat' dir='ltr'>Petitis</span> <span class='ocrx_word' id='word_1_63' title='bbox 1275 1127 1295 1172; x_wconf 86' lang='lat' dir='ltr'>a</span> 
     </span>
     <span class='ocr_line' id='line_1_9' title="bbox 127 1207 1296 1293; baseline 0.002 -16"><span class='ocrx_word' id='word_1_64' title='bbox 127 1209 223 1277; x_wconf 90' lang='lat' dir='ltr'>nobis</span> <span class='ocrx_word' id='word_1_65' title='bbox 247 1207 424 1274; x_wconf 89' lang='lat' dir='ltr'>consilium.</span> <span class='ocrx_word' id='word_1_66' title='bbox 472 1209 514 1272; x_wconf 80' lang='lat' dir='ltr'>At</span> <span class='ocrx_word' id='word_1_67' title='bbox 538 1208 631 1293; x_wconf 67' lang='lat' dir='ltr'>cpuale</span> <span class='ocrx_word' id='word_1_68' title='bbox 660 1208 693 1272; x_wconf 91' lang='lat' dir='ltr'>in</span> <span class='ocrx_word' id='word_1_69' title='bbox 717 1207 814 1274; x_wconf 89' lang='lat' dir='ltr'>rebus</span> <span class='ocrx_word' id='word_1_70' title='bbox 847 1216 915 1274; x_wconf 91' lang='lat' dir='ltr'>tam</span> <span class='ocrx_word' id='word_1_71' title='bbox 938 1209 1048 1277; x_wconf 79' lang='lat' dir='ltr'>arduis</span> <span class='ocrx_word' id='word_1_72' title='bbox 1078 1215 1112 1276; x_wconf 88' lang='lat' dir='ltr'>et</span> <span class='ocrx_word' id='word_1_73' title='bbox 1134 1211 1204 1277; x_wconf 88' lang='lat' dir='ltr'>viro</span> <span class='ocrx_word' id='word_1_74' title='bbox 1223 1211 1296 1279; x_wconf 88' lang='lat' dir='ltr'>doc·</span> 
     </span>
     <span class='ocr_line' id='line_1_10' title="bbox 127 1314 1297 1400; baseline 0.003 -19"><span class='ocrx_word' id='word_1_75' title='bbox 127 1316 254 1382; x_wconf 85' lang='lat' dir='ltr'>tissime</span> <span class='ocrx_word' id='word_1_76' title='bbox 286 1314 532 1380; x_wconf 87' lang='lat' dir='ltr'>subministrare</span> <span class='ocrx_word' id='word_1_77' title='bbox 568 1316 763 1398; x_wconf 85' lang='lat' dir='ltr'>possumus?</span> <span class='ocrx_word' id='word_1_78' title='bbox 820 1315 1090 1400; x_wconf 85' lang='lat' dir='ltr'>Exploratissima</span> <span class='ocrx_word' id='word_1_79' title='bbox 1121 1323 1174 1385; x_wconf 89' lang='lat' dir='ltr'>est</span> <span class='ocrx_word' id='word_1_80' title='bbox 1203 1317 1297 1386; x_wconf 88' lang='lat' dir='ltr'>vobis</span> 
     </span>
     <span class='ocr_line' id='line_1_11' title="bbox 128 1420 1297 1513; baseline 0.003 -25"><span class='ocrx_word' id='word_1_81' title='bbox 128 1442 220 1488; x_wconf 87' lang='lat' dir='ltr'>mens</span> <span class='ocrx_word' id='word_1_82' title='bbox 244 1421 399 1506; x_wconf 89' lang='lat' dir='ltr'>principis</span> <span class='ocrx_word' id='word_1_83' title='bbox 424 1429 457 1486; x_wconf 92' lang='lat' dir='ltr'>et</span> <span class='ocrx_word' id='word_1_84' title='bbox 473 1441 544 1505; x_wconf 84' lang='lat' dir='ltr'>quae</span> <span class='ocrx_word' id='word_1_85' title='bbox 560 1420 654 1486; x_wconf 91' lang='lat' dir='ltr'>nobis</span> <span class='ocrx_word' id='word_1_86' title='bbox 671 1421 802 1513; x_wconf 80' lang='lat' dir='ltr'>scripsit</span> <span class='ocrx_word' id='word_1_87' title='bbox 823 1421 910 1488; x_wconf 89' lang='lat' dir='ltr'>clare</span> <span class='ocrx_word' id='word_1_88' title='bbox 926 1422 1066 1503; x_wconf 88' lang='lat' dir='ltr'>vidistis,</span> <span class='ocrx_word' id='word_1_89' title='bbox 1090 1422 1124 1487; x_wconf 93' lang='lat' dir='ltr'>in</span> <span class='ocrx_word' id='word_1_90' title='bbox 1145 1423 1238 1490; x_wconf 88' lang='lat' dir='ltr'>nulla</span> <span class='ocrx_word' id='word_1_91' title='bbox 1261 1445 1297 1491; x_wconf 88' lang='lat' dir='ltr'>re</span> 
     </span>
     <span class='ocr_line' id='line_1_12' title="bbox 128 1527 1297 1614; baseline 0.002 -20"><span class='ocrx_word' id='word_1_92' title='bbox 128 1534 270 1594; x_wconf 90' lang='lat' dir='ltr'>mentem</span> <span class='ocrx_word' id='word_1_93' title='bbox 294 1527 492 1593; x_wconf 85' lang='lat' dir='ltr'>excellentiae</span> <span class='ocrx_word' id='word_1_94' title='bbox 509 1546 575 1591; x_wconf 84' lang='lat' dir='ltr'>suae</span> <span class='ocrx_word' id='word_1_95' title='bbox 591 1528 787 1610; x_wconf 81' lang='lat' dir='ltr'>transgressi</span> <span class='ocrx_word' id='word_1_96' title='bbox 802 1550 912 1594; x_wconf 90' lang='lat' dir='ltr'>sumus</span> <span class='ocrx_word' id='word_1_97' title='bbox 928 1534 961 1594; x_wconf 87' lang='lat' dir='ltr'>ct</span> <span class='ocrx_word' id='word_1_98' title='bbox 985 1549 1057 1594; x_wconf 89' lang='lat' dir='ltr'>eum</span> <span class='ocrx_word' id='word_1_99' title='bbox 1077 1528 1237 1614; x_wconf 77' lang='lat' dir='ltr'>singulari</span> <span class='ocrx_word' id='word_1_100' title='bbox 1252 1529 1297 1596; x_wconf 88' lang='lat' dir='ltr'>di·</span> 
     </span>
     <span class='ocr_line' id='line_1_13' title="bbox 127 1631 1298 1718; baseline 0.003 -20"><span class='ocrx_word' id='word_1_101' title='bbox 127 1633 263 1718; x_wconf 84' lang='lat' dir='ltr'>ligentia.</span> <span class='ocrx_word' id='word_1_102' title='bbox 294 1632 375 1699; x_wconf 90' lang='lat' dir='ltr'>fines</span> <span class='ocrx_word' id='word_1_103' title='bbox 406 1631 634 1698; x_wconf 85' lang='lat' dir='ltr'>mandaterum</span> <span class='ocrx_word' id='word_1_104' title='bbox 665 1654 796 1698; x_wconf 89' lang='lat' dir='ltr'>suorum</span> <span class='ocrx_word' id='word_1_105' title='bbox 829 1634 1041 1715; x_wconf 85' lang='lat' dir='ltr'>servavimus,</span> <span class='ocrx_word' id='word_1_106' title='bbox 1075 1634 1124 1700; x_wconf 84' lang='lat' dir='ltr'>ita</span> <span class='ocrx_word' id='word_1_107' title='bbox 1147 1641 1181 1700; x_wconf 90' lang='lat' dir='ltr'>et</span> <span class='ocrx_word' id='word_1_108' title='bbox 1202 1635 1298 1702; x_wconf 87' lang='lat' dir='ltr'>nobis</span> 
     </span>
     <span class='ocr_line' id='line_1_14' title="bbox 127 1737 1299 1826; baseline 0 -19"><span class='ocrx_word' id='word_1_109' title='bbox 127 1740 288 1826; x_wconf 83' lang='lat' dir='ltr'>agendum</span> <span class='ocrx_word' id='word_1_110' title='bbox 313 1740 384 1819; x_wconf 87' lang='lat' dir='ltr'>erit,</span> <span class='ocrx_word' id='word_1_111' title='bbox 408 1760 460 1804; x_wconf 88' lang='lat' dir='ltr'>res</span> <span class='ocrx_word' id='word_1_112' title='bbox 483 1737 593 1804; x_wconf 84' lang='lat' dir='ltr'>arduae</span> <span class='ocrx_word' id='word_1_113' title='bbox 618 1744 707 1819; x_wconf 90' lang='lat' dir='ltr'>sunt,</span> <span class='ocrx_word' id='word_1_114' title='bbox 732 1745 765 1804; x_wconf 90' lang='lat' dir='ltr'>et</span> <span class='ocrx_word' id='word_1_115' title='bbox 781 1761 839 1805; x_wconf 90' lang='lat' dir='ltr'>nos</span> <span class='ocrx_word' id='word_1_116' title='bbox 863 1739 1015 1806; x_wconf 88' lang='lat' dir='ltr'>absentes</span> <span class='ocrx_word' id='word_1_117' title='bbox 1039 1761 1103 1806; x_wconf 90' lang='lat' dir='ltr'>nen</span> <span class='ocrx_word' id='word_1_118' title='bbox 1125 1760 1299 1826; x_wconf 88' lang='lat' dir='ltr'>possumus</span> 
     </span>
     <span class='ocr_line' id='line_1_15' title="bbox 128 1843 1299 1929; baseline 0.001 -18"><span class='ocrx_word' id='word_1_119' title='bbox 128 1847 162 1912; x_wconf 90' lang='lat' dir='ltr'>in</span> <span class='ocrx_word' id='word_1_120' title='bbox 185 1846 247 1911; x_wconf 88' lang='lat' dir='ltr'>hac</span> <span class='ocrx_word' id='word_1_121' title='bbox 272 1843 446 1911; x_wconf 85' lang='lat' dir='ltr'>solitudine</span> <span class='ocrx_word' id='word_1_122' title='bbox 470 1843 629 1925; x_wconf 90' lang='lat' dir='ltr'>divinare,</span> <span class='ocrx_word' id='word_1_123' title='bbox 654 1866 726 1929; x_wconf 74' lang='lat' dir='ltr'>quae</span> <span class='ocrx_word' id='word_1_124' title='bbox 757 1846 857 1910; x_wconf 91' lang='lat' dir='ltr'>menti</span> <span class='ocrx_word' id='word_1_125' title='bbox 888 1844 1050 1929; x_wconf 90' lang='lat' dir='ltr'>pontificis</span> <span class='ocrx_word' id='word_1_126' title='bbox 1080 1846 1118 1910; x_wconf 90' lang='lat' dir='ltr'>D.</span> <span class='ocrx_word' id='word_1_127' title='bbox 1148 1866 1299 1913; x_wconf 89' lang='lat' dir='ltr'>reveren·</span> 
     </span>
     <span class='ocr_line' id='line_1_16' title="bbox 129 1950 1301 2036; baseline 0.003 -19"><span class='ocrx_word' id='word_1_128' title='bbox 129 1950 253 2018; x_wconf 88' lang='lat' dir='ltr'>dissimi</span> <span class='ocrx_word' id='word_1_129' title='bbox 285 1950 461 2017; x_wconf 88' lang='lat' dir='ltr'>Alexandri</span> <span class='ocrx_word' id='word_1_130' title='bbox 495 1951 508 1989; x_wconf 84' lang='lat'>³</span> <span class='ocrx_word' id='word_1_131' title='bbox 540 1955 796 2036; x_wconf 86' lang='lat' dir='ltr'>coeterorumque</span> <span class='ocrx_word' id='word_1_132' title='bbox 833 1952 942 2017; x_wconf 90' lang='lat' dir='ltr'>insint.</span> <span class='ocrx_word' id='word_1_133' title='bbox 995 1953 1033 2016; x_wconf 90' lang='lat' dir='ltr'>D.</span> <span class='ocrx_word' id='word_1_134' title='bbox 1065 1951 1301 2033; x_wconf 87' lang='lat' dir='ltr'>Bernardinus‚</span> 
     </span>
     <span class='ocr_line' id='line_1_17' title="bbox 129 2055 1300 2141; baseline -0.001 -16"><span class='ocrx_word' id='word_1_135' title='bbox 129 2056 261 2125; x_wconf 88' lang='lat' dir='ltr'>auditor</span> <span class='ocrx_word' id='word_1_136' title='bbox 276 2061 396 2135; x_wconf 89' lang='lat' dir='ltr'>noster,</span> <span class='ocrx_word' id='word_1_137' title='bbox 420 2056 447 2120; x_wconf 90' lang='lat' dir='ltr'>si</span> <span class='ocrx_word' id='word_1_138' title='bbox 462 2055 495 2119; x_wconf 92' lang='lat' dir='ltr'>in</span> <span class='ocrx_word' id='word_1_139' title='bbox 511 2056 657 2141; x_wconf 89' lang='lat' dir='ltr'>aliquare</span> <span class='ocrx_word' id='word_1_140' title='bbox 681 2057 771 2122; x_wconf 89' lang='lat' dir='ltr'>utilis</span> <span class='ocrx_word' id='word_1_141' title='bbox 795 2058 857 2122; x_wconf 93' lang='lat' dir='ltr'>erit</span> <span class='ocrx_word' id='word_1_142' title='bbox 881 2057 972 2125; x_wconf 86' lang='lat' dir='ltr'>vobis</span> <span class='ocrx_word' id='word_1_143' title='bbox 995 2058 1137 2125; x_wconf 86' lang='lat' dir='ltr'>assistet.</span> <span class='ocrx_word' id='word_1_144' title='bbox 1171 2057 1300 2126; x_wconf 77' lang='lat' dir='ltr'>valete.</span> 
     </span>
     <span class='ocr_line' id='line_1_18' title="bbox 129 2161 1244 2248; baseline 0 -18"><span class='ocrx_word' id='word_1_145' title='bbox 129 2164 179 2230; x_wconf 83' lang='lat' dir='ltr'>Ex</span> <span class='ocrx_word' id='word_1_146' title='bbox 201 2162 341 2242; x_wconf 87' lang='lat' dir='ltr'>Balneis,</span> <span class='ocrx_word' id='word_1_147' title='bbox 365 2161 470 2226; x_wconf 89' lang='lat' dir='ltr'>sancti</span> <span class='ocrx_word' id='word_1_148' title='bbox 493 2161 633 2245; x_wconf 88' lang='lat' dir='ltr'>Philippi</span> <span class='ocrx_word' id='word_1_149' title='bbox 657 2162 710 2228; x_wconf 89' lang='lat' dir='ltr'>die</span> <span class='ocrx_word' id='word_1_150' title='bbox 734 2163 999 2248; x_wconf 77' lang='lat' dir='ltr'>decimoseptimo</span> <span class='ocrx_word' id='word_1_151' title='bbox 1021 2163 1119 2244; x_wconf 81' lang='lat' dir='ltr'>lunii,</span> <span class='ocrx_word' id='word_1_152' title='bbox 1146 2169 1244 2231; x_wconf 87' lang='grc'><strong>1498.</strong></span> 
     </span>
     <span class='ocr_line' id='line_1_19' title="bbox 219 2268 1300 2348; baseline 0.005 -16"><span class='ocrx_word' id='word_1_153' title='bbox 219 2270 381 2332; x_wconf 87' lang='lat' dir='ltr'>Gedruckt:</span> <span class='ocrx_word' id='word_1_154' title='bbox 407 2276 422 2331; x_wconf 95' lang='lat'>1</span> <span class='ocrx_word' id='word_1_155' title='bbox 445 2293 485 2325; x_wconf 73' lang='grc' dir='ltr'>τ.-</span> <span class='ocrx_word' id='word_1_156' title='bbox 502 2271 532 2330; x_wconf 83' lang='lat'>0.</span> <span class='ocrx_word' id='word_1_157' title='bbox 551 2289 576 2331; x_wconf 93' lang='lat' dir='ltr'>v.</span> <span class='ocrx_word' id='word_1_158' title='bbox 594 2268 716 2346; x_wconf 84' lang='lat' dir='ltr'>e.i2b;</span> <span class='ocrx_word' id='word_1_159' title='bbox 740 2274 907 2334; x_wconf 85' lang='lat' dir='ltr'>2=J.v.</span> <span class='ocrx_word' id='word_1_160' title='bbox 925 2274 977 2333; x_wconf 90' lang='lat' dir='ltr'>e.l</span> <span class='ocrx_word' id='word_1_161' title='bbox 1001 2268 1054 2348; x_wconf 75' lang='lat'>4¹³3</span> <span class='ocrx_word' id='word_1_162' title='bbox 1079 2275 1159 2334; x_wconf 88' lang='lat'>3:</span> <span class='ocrx_word' id='word_1_163' title='bbox 1176 2273 1210 2336; x_wconf 85' lang='lat' dir='ltr'>C.</span> <span class='ocrx_word' id='word_1_164' title='bbox 1228 2292 1256 2337; x_wconf 91' lang='lat' dir='ltr'>v.</span> <span class='ocrx_word' id='word_1_165' title='bbox 1273 2291 1300 2336; x_wconf 89' lang='lat' dir='ltr'>e.</span> 
     </span>
    </p>
   </div>
   <div class='ocr_carea' id='block_1_3' title="bbox 129 2377 310 2441">
    <p class='ocr_par' dir='ltr' id='par_1_3' title="bbox 129 2377 310 2441">
     <span class='ocr_line' id='line_1_20' title="bbox 129 2377 310 2441; baseline -0.006 0"><span class='ocrx_word' id='word_1_166' title='bbox 129 2378 159 2441; x_wconf 92' lang='lat' dir='ltr'>II</span> <span class='ocrx_word' id='word_1_167' title='bbox 173 2377 223 2440; x_wconf 89' lang='lat' dir='ltr'>fol.</span> <span class='ocrx_word' id='word_1_168' title='bbox 243 2381 310 2440; x_wconf 66' lang='lat'>68⁸.</span> 
     </span>
    </p>
   </div>
   <div class='ocr_carea' id='block_1_4' title="bbox 199 2462 1266 2607">
    <p class='ocr_par' dir='ltr' id='par_1_4' title="bbox 199 2462 1266 2607">
     <span class='ocr_line' id='line_1_21' title="bbox 651 2462 762 2530; baseline 0.018 -3"><span class='ocrx_word' id='word_1_169' title='bbox 651 2462 762 2530; x_wconf 84' lang='lat' dir='ltr'><strong>LXIV.</strong></span> 
     </span>
     <span class='ocr_line' id='line_1_22' title="bbox 199 2553 1266 2607; baseline 0.002 -3"><span class='ocrx_word' id='word_1_170' title='bbox 199 2553 265 2604; x_wconf 83' lang='lat' dir='ltr'>Rom</span> <span class='ocrx_word' id='word_1_171' title='bbox 1185 2557 1266 2607; x_wconf 87' lang='grc'><strong>1498.</strong></span> 
     </span>
    </p>
   </div>
   <div class='ocr_carea' id='block_1_5' title="bbox 172 2589 1253 2740">
    <p class='ocr_par' dir='ltr' id='par_1_5' title="bbox 172 2589 1253 2740">
     <span class='ocr_line' id='line_1_23' title="bbox 172 2589 1253 2740; baseline 0 -23"><span class='ocrx_word' id='word_1_172' title='bbox 172 2589 338 2718; x_wconf 85' lang='lat' dir='ltr'>Jacobus</span> <span class='ocrx_word' id='word_1_173' title='bbox 367 2640 633 2740; x_wconf 81' lang='lat' dir='ltr'>Questemberg</span> <span class='ocrx_word' id='word_1_174' title='bbox 660 2641 802 2716; x_wconf 81' lang='lat' dir='ltr'>Joanni</span> <span class='ocrx_word' id='word_1_175' title='bbox 828 2640 1010 2716; x_wconf 89' lang='lat' dir='ltr'>Reuchlin</span> <span class='ocrx_word' id='word_1_176' title='bbox 1037 2641 1253 2740; x_wconf 85' lang='lat' dir='ltr'>Phorccnsi,</span> 
     </span>
    </p>
   </div>
   <div class='ocr_carea' id='block_1_6' title="bbox 436 2763 980 2841">
    <p class='ocr_par' dir='ltr' id='par_1_6' title="bbox 436 2763 980 2841">
     <span class='ocr_line' id='line_1_24' title="bbox 436 2763 980 2841; baseline 0.002 -2"><span class='ocrx_word' id='word_1_177' title='bbox 436 2763 583 2839; x_wconf 86' lang='lat' dir='ltr'>Oratori</span> <span class='ocrx_word' id='word_1_178' title='bbox 600 2763 775 2839; x_wconf 87' lang='lat' dir='ltr'>Palatino</span> <span class='ocrx_word' id='word_1_179' title='bbox 804 2764 980 2841; x_wconf 81' lang='lat' dir='ltr'>Salutem.</span> 
     </span>
    </p>
   </div>
   <div class='ocr_carea' id='block_1_7' title="bbox 128 2885 1300 3397">
    <p class='ocr_par' dir='ltr' id='par_1_7' title="bbox 128 2885 1300 3397">
     <span class='ocr_line' id='line_1_25' title="bbox 218 2885 1300 2972; baseline 0.004 -20"><span class='ocrx_word' id='word_1_180' title='bbox 218 2885 299 2952; x_wconf 82' lang='lat' dir='ltr'>(inm</span> <span class='ocrx_word' id='word_1_181' title='bbox 321 2888 354 2952; x_wconf 94' lang='lat' dir='ltr'>in</span> <span class='ocrx_word' id='word_1_182' title='bbox 378 2892 472 2953; x_wconf 87' lang='lat' dir='ltr'>tanta</span> <span class='ocrx_word' id='word_1_183' title='bbox 493 2887 657 2953; x_wconf 91' lang='lat' dir='ltr'>hominum</span> <span class='ocrx_word' id='word_1_184' title='bbox 681 2887 889 2954; x_wconf 89' lang='lat' dir='ltr'>multitudine</span> <span class='ocrx_word' id='word_1_185' title='bbox 911 2893 978 2969; x_wconf 87' lang='lat' dir='ltr'>ant,</span> <span class='ocrx_word' id='word_1_186' title='bbox 1001 2893 1039 2954; x_wconf 91' lang='lat' dir='ltr'>ut</span> <span class='ocrx_word' id='word_1_187' title='bbox 1055 2887 1163 2954; x_wconf 88' lang='lat' dir='ltr'>verius</span> <span class='ocrx_word' id='word_1_188' title='bbox 1179 2887 1300 2972; x_wconf 86' lang='lat' dir='ltr'>dicam,</span> 
     </span>
     <span class='ocr_line' id='line_1_26' title="bbox 128 2991 1300 3080; baseline 0.003 -22"><span class='ocrx_word' id='word_1_189' title='bbox 128 2991 271 3058; x_wconf 91' lang='lat' dir='ltr'>omnium</span> <span class='ocrx_word' id='word_1_190' title='bbox 293 3013 395 3076; x_wconf 86' lang='lat' dir='ltr'>prope</span> <span class='ocrx_word' id='word_1_191' title='bbox 418 2992 563 3076; x_wconf 86' lang='lat' dir='ltr'>gentium</span> <span class='ocrx_word' id='word_1_192' title='bbox 586 2992 774 3074; x_wconf 91' lang='lat' dir='ltr'>colluvione,</span> <span class='ocrx_word' id='word_1_193' title='bbox 798 3015 838 3058; x_wconf 90' lang='lat' dir='ltr'>ne</span> <span class='ocrx_word' id='word_1_194' title='bbox 863 3015 961 3059; x_wconf 92' lang='lat' dir='ltr'>unum</span> <span class='ocrx_word' id='word_1_195' title='bbox 986 2994 1115 3078; x_wconf 90' lang='lat' dir='ltr'>quidem</span> <span class='ocrx_word' id='word_1_196' title='bbox 1130 3015 1190 3079; x_wconf 88' lang='lat' dir='ltr'>pro</span> <span class='ocrx_word' id='word_1_197' title='bbox 1215 3016 1300 3080; x_wconf 82' lang='lat' dir='ltr'>prae·</span> 
     </span>
     <span class='ocr_line' id='line_1_27' title="bbox 129 3097 1298 3186; baseline 0.004 -24"><span class='ocrx_word' id='word_1_198' title='bbox 129 3097 213 3162; x_wconf 87' lang='lat' dir='ltr'>senti</span> <span class='ocrx_word' id='word_1_199' title='bbox 245 3099 439 3163; x_wconf 87' lang='lat' dir='ltr'>necestitate</span> <span class='ocrx_word' id='word_1_200' title='bbox 467 3098 619 3163; x_wconf 90' lang='lat' dir='ltr'>idoneum</span> <span class='ocrx_word' id='word_1_201' title='bbox 661 3101 853 3183; x_wconf 88' lang='lat' dir='ltr'>scriptorem</span> <span class='ocrx_word' id='word_1_202' title='bbox 884 3099 1060 3165; x_wconf 75' lang='lat' dir='ltr'>invenerim</span> <span class='ocrx_word' id='word_1_203' title='bbox 1089 3120 1196 3186; x_wconf 88' lang='lat' dir='ltr'>neque</span> <span class='ocrx_word' id='word_1_204' title='bbox 1220 3122 1298 3168; x_wconf 86' lang='lat' dir='ltr'>vero</span> 
     </span>
     <span class='ocr_line' id='line_1_28' title="bbox 128 3200 1297 3287; baseline 0.007 -21"><span class='ocrx_word' id='word_1_205' title='bbox 128 3200 227 3266; x_wconf 86' lang='lat' dir='ltr'>alium</span> <span class='ocrx_word' id='word_1_206' title='bbox 249 3204 434 3287; x_wconf 90' lang='lat' dir='ltr'>quempium</span> <span class='ocrx_word' id='word_1_207' title='bbox 450 3203 605 3271; x_wconf 88' lang='lat' dir='ltr'>Bertoldo</span> <span class='ocrx_word' id='word_1_208' title='bbox 621 3209 735 3270; x_wconf 87' lang='lat' dir='ltr'>nestro</span> <span class='ocrx_word' id='word_1_209' title='bbox 755 3204 861 3271; x_wconf 90' lang='lat' dir='ltr'>adhuc</span> <span class='ocrx_word' id='word_1_210' title='bbox 876 3204 1083 3272; x_wconf 83' lang='lat' dir='ltr'>febricitante</span> <span class='ocrx_word' id='word_1_211' title='bbox 1105 3205 1149 3272; x_wconf 92' lang='lat' dir='ltr'>ad</span> <span class='ocrx_word' id='word_1_212' title='bbox 1164 3227 1297 3274; x_wconf 87' lang='lat' dir='ltr'>manum</span> 
     </span>
     <span class='ocr_line' id='line_1_29' title="bbox 128 3306 1297 3397; baseline 0.007 -25"><span class='ocrx_word' id='word_1_213' title='bbox 128 3306 215 3373; x_wconf 91' lang='lat' dir='ltr'>domi</span> <span class='ocrx_word' id='word_1_214' title='bbox 244 3306 428 3390; x_wconf 87' lang='lat' dir='ltr'>habuerim,</span> <span class='ocrx_word' id='word_1_215' title='bbox 472 3311 526 3395; x_wconf 94' lang='lat' dir='ltr'>qui</span> <span class='ocrx_word' id='word_1_216' title='bbox 555 3310 735 3376; x_wconf 88' lang='lat' dir='ltr'>orationem</span> <span class='ocrx_word' id='word_1_217' title='bbox 763 3317 856 3376; x_wconf 85' lang='lat' dir='ltr'>tuam</span> <span class='ocrx_word' id='word_1_218' title='bbox 880 3311 1078 3397; x_wconf 84' lang='lat' dir='ltr'>elegantiore</span> <span class='ocrx_word' id='word_1_219' title='bbox 1100 3311 1199 3378; x_wconf 86' lang='lat' dir='ltr'>litera</span> <span class='ocrx_word' id='word_1_220' title='bbox 1223 3333 1297 3380; x_wconf 83' lang='lat' dir='ltr'>exa·</span> 
     </span>
    </p>
   </div>
   <div class='ocr_carea' id='block_1_8' title="bbox 127 3413 1295 3503">
    <p class='ocr_par' dir='ltr' id='par_1_8' title="bbox 127 3413 1295 3503">
     <span class='ocr_line' id='line_1_30' title="bbox 127 3413 1295 3503; baseline 0.005 -24"><span class='ocrx_word' id='word_1_221' title='bbox 127 3418 227 3494; x_wconf 79' lang='lat' dir='ltr'>reret,</span> <span class='ocrx_word' id='word_1_222' title='bbox 249 3413 284 3478; x_wconf 93' lang='lat' dir='ltr'>id</span> <span class='ocrx_word' id='word_1_223' title='bbox 307 3414 395 3498; x_wconf 90' lang='lat' dir='ltr'>quod</span> <span class='ocrx_word' id='word_1_224' title='bbox 417 3420 454 3480; x_wconf 87' lang='lat' dir='ltr'>tn</span> <span class='ocrx_word' id='word_1_225' title='bbox 477 3414 629 3481; x_wconf 90' lang='lat' dir='ltr'>hesterno</span> <span class='ocrx_word' id='word_1_226' title='bbox 653 3415 704 3480; x_wconf 90' lang='lat' dir='ltr'>die</span> <span class='ocrx_word' id='word_1_227' title='bbox 728 3437 787 3500; x_wconf 91' lang='lat' dir='ltr'>per</span> <span class='ocrx_word' id='word_1_228' title='bbox 811 3416 1010 3501; x_wconf 80' lang='lat' dir='ltr'>epistolam⁶</span> <span class='ocrx_word' id='word_1_229' title='bbox 1047 3423 1222 3503; x_wconf 87' lang='lat' dir='ltr'>tantopere</span> <span class='ocrx_word' id='word_1_230' title='bbox 1253 3419 1295 3486; x_wconf 86' lang='lat' dir='ltr'>ef·</span> 
     </span>
    </p>
   </div>
   <div class='ocr_carea' id='block_1_9' title="bbox 123 3532 1292 3660">
    <p class='ocr_par' dir='ltr' id='par_1_9' title="bbox 123 3532 1292 3660">
     <span class='ocr_line' id='line_1_31' title="bbox 710 3532 729 3567; baseline 0 0"><span class='ocrx_word' id='word_1_231' title='bbox 710 3532 729 3567; x_wconf 76' lang='lat' dir='ltr'>es</span> 
     </span>
     <span class='ocr_line' id='line_1_32' title="bbox 123 3590 1292 3660; baseline 0.009 -21"><span class='ocrx_word' id='word_1_232' title='bbox 123 3595 200 3640; x_wconf 84' lang='lat' dir='ltr'>anter</span> <span class='ocrx_word' id='word_1_233' title='bbox 217 3590 276 3640; x_wconf 86' lang='lat' dir='ltr'>dem</span> <span class='ocrx_word' id='word_1_234' title='bbox 297 3607 392 3641; x_wconf 81' lang='lat' dir='ltr'>namen</span> <span class='ocrx_word' id='word_1_235' title='bbox 411 3593 475 3642; x_wconf 85' lang='lat' dir='ltr'>Pius</span> <span class='ocrx_word' id='word_1_236' title='bbox 496 3593 541 3654; x_wconf 86' lang='lat' dir='ltr'>Ill,</span> <span class='ocrx_word' id='word_1_237' title='bbox 564 3593 617 3660; x_wconf 83' lang='lat' dir='ltr'>vgl.</span> <span class='ocrx_word' id='word_1_238' title='bbox 639 3592 759 3644; x_wconf 75' lang='lat' dir='ltr'>CiacouIi</span> <span class='ocrx_word' id='word_1_239' title='bbox 780 3593 846 3643; x_wconf 75' lang='lat' dir='ltr'>Vita</span> <span class='ocrx_word' id='word_1_240' title='bbox 864 3595 1025 3647; x_wconf 86' lang='lat' dir='ltr'>Pontificum</span> <span class='ocrx_word' id='word_1_241' title='bbox 1044 3597 1223 3649; x_wconf 79' lang='lat' dir='ltr'>Romanorum</span> <span class='ocrx_word' id='word_1_242' title='bbox 1242 3604 1292 3650; x_wconf 81' lang='lat' dir='ltr'>ete.</span> 
     </span>
    </p>
   </div>
   <div class='ocr_carea' id='block_1_10' title="bbox 120 3675 1292 4094">
    <p class='ocr_par' dir='ltr' id='par_1_10' title="bbox 126 3675 574 3731">
     <span class='ocr_line' id='line_1_33' title="bbox 126 3675 574 3731; baseline 0.007 -4"><span class='ocrx_word' id='word_1_243' title='bbox 126 3675 220 3728; x_wconf 80' lang='lat'>11001.</span> <span class='ocrx_word' id='word_1_244' title='bbox 243 3679 310 3728; x_wconf 78' lang='lat'>1048</span> <span class='ocrx_word' id='word_1_245' title='bbox 330 3679 357 3729; x_wconf 84' lang='lat' dir='ltr'>ff.</span> <span class='ocrx_word' id='word_1_246' title='bbox 377 3680 433 3730; x_wconf 88' lang='lat' dir='ltr'>und</span> <span class='ocrx_word' id='word_1_247' title='bbox 452 3680 506 3731; x_wconf 91' lang='lat' dir='ltr'>vel.</span> <span class='ocrx_word' id='word_1_248' title='bbox 527 3682 574 3730; x_wconf 89' lang='lat'>111.</span> 
     </span>
    </p>

    <p class='ocr_par' dir='ltr' id='par_1_11' title="bbox 120 3763 1292 4094">
     <span class='ocr_line' id='line_1_34' title="bbox 199 3763 1292 3830; baseline 0.01 -17"><span class='ocrx_word' id='word_1_249' title='bbox 199 3769 210 3813; x_wconf 92' lang='lat'>1</span> <span class='ocrx_word' id='word_1_250' title='bbox 231 3763 331 3830; x_wconf 85' lang='lat' dir='ltr'>literae]</span> <span class='ocrx_word' id='word_1_251' title='bbox 352 3766 445 3817; x_wconf 87' lang='lat' dir='ltr'>Dieser</span> <span class='ocrx_word' id='word_1_252' title='bbox 464 3767 535 3818; x_wconf 81' lang='lat' dir='ltr'>brief</span> <span class='ocrx_word' id='word_1_253' title='bbox 551 3770 585 3818; x_wconf 87' lang='lat' dir='ltr'>ist</span> <span class='ocrx_word' id='word_1_254' title='bbox 603 3769 686 3821; x_wconf 87' lang='lat' dir='ltr'>leidcr</span> <span class='ocrx_word' id='word_1_255' title='bbox 704 3771 779 3821; x_wconf 89' lang='lat' dir='ltr'>nicht</span> <span class='ocrx_word' id='word_1_256' title='bbox 801 3770 930 3821; x_wconf 85' lang='lat' dir='ltr'>erhalten:</span> <span class='ocrx_word' id='word_1_257' title='bbox 955 3770 1084 3823; x_wconf 86' lang='lat' dir='ltr'>Reuchlin</span> <span class='ocrx_word' id='word_1_258' title='bbox 1108 3772 1215 3825; x_wconf 88' lang='lat' dir='ltr'>scheint</span> <span class='ocrx_word' id='word_1_259' title='bbox 1238 3773 1292 3825; x_wconf 87' lang='lat' dir='ltr'>sich</span> 
     </span>
     <span class='ocr_line' id='line_1_35' title="bbox 122 3849 1291 3926; baseline 0.009 -23"><span class='ocrx_word' id='word_1_260' title='bbox 122 3849 231 3903; x_wconf 79' lang='lat' dir='ltr'>beiden</span> <span class='ocrx_word' id='word_1_261' title='bbox 253 3852 309 3902; x_wconf 91' lang='lat' dir='ltr'>ihm</span> <span class='ocrx_word' id='word_1_262' title='bbox 331 3869 392 3904; x_wconf 91' lang='lat' dir='ltr'>vem</span> <span class='ocrx_word' id='word_1_263' title='bbox 414 3855 579 3907; x_wconf 84' lang='lat' dir='ltr'>churfiirsten</span> <span class='ocrx_word' id='word_1_264' title='bbox 598 3858 703 3925; x_wconf 85' lang='lat' dir='ltr'>Philipp</span> <span class='ocrx_word' id='word_1_265' title='bbox 728 3859 935 3926; x_wconf 78' lang='lat' dir='ltr'>anigetragenen</span> <span class='ocrx_word' id='word_1_266' title='bbox 959 3860 1160 3926; x_wconf 79' lang='lat' dir='ltr'>gesendtecheit</span> <span class='ocrx_word' id='word_1_267' title='bbox 1184 3878 1219 3913; x_wconf 81' lang='lat' dir='ltr'>sn</span> <span class='ocrx_word' id='word_1_268' title='bbox 1244 3863 1291 3914; x_wconf 83' lang='lat' dir='ltr'>den</span> 
     </span>
     <span class='ocr_line' id='line_1_36' title="bbox 120 3940 1291 4014; baseline 0.011 -25"><span class='ocrx_word' id='word_1_269' title='bbox 120 3947 199 4008; x_wconf 82' lang='lat' dir='ltr'>papst</span> <span class='ocrx_word' id='word_1_270' title='bbox 216 3940 368 3992; x_wconf 83' lang='lat' dir='ltr'>Alexander</span> <span class='ocrx_word' id='word_1_271' title='bbox 388 3943 423 3993; x_wconf 84' lang='lat' dir='ltr'>Vl</span> <span class='ocrx_word' id='word_1_272' title='bbox 441 3944 469 3993; x_wconf 91' lang='lat' dir='ltr'>in</span> <span class='ocrx_word' id='word_1_273' title='bbox 489 3945 669 4012; x_wconf 84' lang='lat' dir='ltr'>verlegenheit</span> <span class='ocrx_word' id='word_1_274' title='bbox 695 3963 785 4014; x_wconf 81' lang='lat' dir='ltr'>vvcgen</span> <span class='ocrx_word' id='word_1_275' title='bbox 811 3948 983 4014; x_wconf 81' lang='lat' dir='ltr'>mengelnder</span> <span class='ocrx_word' id='word_1_276' title='bbox 1006 3948 1171 4000; x_wconf 77' lang='lat' dir='ltr'>instrulrtiou</span> <span class='ocrx_word' id='word_1_277' title='bbox 1190 3967 1224 4001; x_wconf 78' lang='lat' dir='ltr'>an</span> <span class='ocrx_word' id='word_1_278' title='bbox 1243 3951 1291 4002; x_wconf 87' lang='lat' dir='ltr'>den</span> 
     </span>
     <span class='ocr_line' id='line_1_37' title="bbox 121 4027 1290 4094; baseline 0.012 -16"><span class='ocrx_word' id='word_1_279' title='bbox 121 4027 240 4080; x_wconf 80' lang='lat' dir='ltr'>cardinal</span> <span class='ocrx_word' id='word_1_280' title='bbox 265 4029 364 4094; x_wconf 80' lang='lat' dir='ltr'>Franz,</span> <span class='ocrx_word' id='word_1_281' title='bbox 388 4031 484 4082; x_wconf 82' lang='lat' dir='ltr'>dassen</span> <span class='ocrx_word' id='word_1_282' title='bbox 509 4033 694 4086; x_wconf 83' lang='lat' dir='ltr'>freuudschait</span> <span class='ocrx_word' id='word_1_283' title='bbox 718 4036 767 4085; x_wconf 89' lang='lat' dir='ltr'>mit</span> <span class='ocrx_word' id='word_1_284' title='bbox 789 4037 818 4086; x_wconf 87' lang='lat' dir='ltr'>R.</span> <span class='ocrx_word' id='word_1_285' title='bbox 838 4051 887 4087; x_wconf 89' lang='lat' dir='ltr'>uns</span> <span class='ocrx_word' id='word_1_286' title='bbox 911 4036 1015 4087; x_wconf 83' lang='lat' dir='ltr'>freilich</span> <span class='ocrx_word' id='word_1_287' title='bbox 1036 4038 1126 4089; x_wconf 87' lang='lat' dir='ltr'>vveiter</span> <span class='ocrx_word' id='word_1_288' title='bbox 1149 4038 1225 4090; x_wconf 89' lang='lat' dir='ltr'>nicht</span> <span class='ocrx_word' id='word_1_289' title='bbox 1249 4041 1290 4092; x_wconf 87' lang='lat' dir='ltr'>be·</span> 
     </span>
    </p>
   </div>
   <div class='ocr_carea' id='block_1_11' title="bbox 120 4118 1289 4462">
    <p class='ocr_par' dir='ltr' id='par_1_12' title="bbox 120 4118 1289 4462">
     <span class='ocr_line' id='line_1_38' title="bbox 120 4118 1289 4190; baseline 0.012 -25"><span class='ocrx_word' id='word_1_290' title='bbox 120 4123 202 4183; x_wconf 80' lang='lat' dir='ltr'>sengt</span> <span class='ocrx_word' id='word_1_291' title='bbox 218 4118 261 4182; x_wconf 88' lang='lat' dir='ltr'>ist,</span> <span class='ocrx_word' id='word_1_292' title='bbox 283 4134 327 4169; x_wconf 90' lang='lat' dir='ltr'>um</span> <span class='ocrx_word' id='word_1_293' title='bbox 346 4119 404 4169; x_wconf 86' lang='lat' dir='ltr'>rath</span> <span class='ocrx_word' id='word_1_294' title='bbox 423 4121 560 4188; x_wconf 85' lang='lat' dir='ltr'>gevvendet</span> <span class='ocrx_word' id='word_1_295' title='bbox 579 4138 612 4172; x_wconf 78' lang='lat' dir='ltr'>eu</span> <span class='ocrx_word' id='word_1_296' title='bbox 630 4122 725 4174; x_wconf 84' lang='lat' dir='ltr'>haben.</span> <span class='ocrx_word' id='word_1_297' title='bbox 759 4123 827 4172; x_wconf 80' lang='lat' dir='ltr'>Dese</span> <span class='ocrx_word' id='word_1_298' title='bbox 841 4124 870 4174; x_wconf 83' lang='lat' dir='ltr'>R.</span> <span class='ocrx_word' id='word_1_299' title='bbox 889 4124 925 4173; x_wconf 91' lang='lat' dir='ltr'>im</span> <span class='ocrx_word' id='word_1_300' title='bbox 938 4124 996 4174; x_wconf 82' lang='lat' dir='ltr'>Juli</span> <span class='ocrx_word' id='word_1_301' title='bbox 1014 4127 1080 4176; x_wconf 87' lang='grc'><strong>1499</strong></span> <span class='ocrx_word' id='word_1_302' title='bbox 1100 4126 1126 4174; x_wconf 92' lang='lat' dir='ltr'>in</span> <span class='ocrx_word' id='word_1_303' title='bbox 1146 4127 1213 4178; x_wconf 82' lang='lat' dir='ltr'>Rem</span> <span class='ocrx_word' id='word_1_304' title='bbox 1231 4143 1289 4190; x_wconf 78' lang='lat' dir='ltr'>ever,</span> 
     </span>
     <span class='ocr_line' id='line_1_39' title="bbox 121 4202 1289 4280; baseline 0.014 -28"><span class='ocrx_word' id='word_1_305' title='bbox 121 4202 233 4255; x_wconf 82' lang='lat' dir='ltr'>dariiber</span> <span class='ocrx_word' id='word_1_306' title='bbox 252 4207 305 4273; x_wconf 81' lang='lat' dir='ltr'>vgl.</span> <span class='ocrx_word' id='word_1_307' title='bbox 326 4206 368 4257; x_wconf 91' lang='lat' dir='ltr'>die</span> <span class='ocrx_word' id='word_1_308' title='bbox 386 4208 516 4260; x_wconf 87' lang='lat' dir='ltr'>Reuchlin</span> <span class='ocrx_word' id='word_1_309' title='bbox 536 4225 558 4260; x_wconf 90' lang='lat' dir='ltr'>s.</span> <span class='ocrx_word' id='word_1_310' title='bbox 578 4214 610 4259; x_wconf 86' lang='grc'>41</span> <span class='ocrx_word' id='word_1_311' title='bbox 633 4227 657 4261; x_wconf 87' lang='lat' dir='ltr'>a.</span> <span class='ocrx_word' id='word_1_312' title='bbox 675 4211 851 4276; x_wconf 79' lang='lat' dir='ltr'>mitgetheilte</span> <span class='ocrx_word' id='word_1_313' title='bbox 870 4213 951 4263; x_wconf 77' lang='lat' dir='ltr'>notis.</span> <span class='ocrx_word' id='word_1_314' title='bbox 1008 4217 1022 4261; x_wconf 83' lang='lat'><strong>2</strong></span> <span class='ocrx_word' id='word_1_315' title='bbox 1043 4214 1155 4280; x_wconf 88' lang='lat' dir='ltr'>potuisti</span> <span class='ocrx_word' id='word_1_316' title='bbox 1176 4221 1200 4267; x_wconf 81' lang='lat'>2.</span> <span class='ocrx_word' id='word_1_317' title='bbox 1220 4217 1289 4268; x_wconf 84' lang='lat' dir='ltr'>Pria·</span> 
     </span>
     <span class='ocr_line' id='line_1_40' title="bbox 120 4291 1288 4365; baseline 0.012 -25"><span class='ocrx_word' id='word_1_318' title='bbox 120 4291 191 4358; x_wconf 87' lang='lat' dir='ltr'>ceps]</span> <span class='ocrx_word' id='word_1_319' title='bbox 211 4292 343 4346; x_wconf 86' lang='lat' dir='ltr'>churfiirst</span> <span class='ocrx_word' id='word_1_320' title='bbox 367 4296 472 4364; x_wconf 89' lang='lat' dir='ltr'>Philipp</span> <span class='ocrx_word' id='word_1_321' title='bbox 497 4297 539 4365; x_wconf 89' lang='lat' dir='ltr'>D.]</span> <span class='ocrx_word' id='word_1_322' title='bbox 565 4298 768 4350; x_wconf 85' lang='lat' dir='ltr'>Dominetionis.</span> <span class='ocrx_word' id='word_1_323' title='bbox 837 4299 1046 4352; x_wconf 76' lang='lat' dir='ltr'>sslexendrini</span> <span class='ocrx_word' id='word_1_324' title='bbox 1066 4306 1090 4354; x_wconf 79' lang='lat'>2.</span> <span class='ocrx_word' id='word_1_325' title='bbox 1157 4304 1288 4357; x_wconf 71' lang='lat' dir='ltr'>emma</span> 
     </span>
     <span class='ocr_line' id='line_1_41' title="bbox 120 4380 1287 4462; baseline 0.018 -33"><span class='ocrx_word' id='word_1_326' title='bbox 120 4380 144 4429; x_wconf 72' lang='lat'>2.</span> <span class='ocrx_word' id='word_1_327' title='bbox 159 4380 182 4430; x_wconf 83' lang='grc'>3.</span> <span class='ocrx_word' id='word_1_328' title='bbox 235 4381 251 4431; x_wconf 77' lang='lat' dir='ltr'>b</span> <span class='ocrx_word' id='word_1_329' title='bbox 272 4384 358 4434; x_wconf 84' lang='lat' dir='ltr'>Wann</span> <span class='ocrx_word' id='word_1_330' title='bbox 371 4384 499 4437; x_wconf 84' lang='lat' dir='ltr'>Reuchlin</span> <span class='ocrx_word' id='word_1_331' title='bbox 519 4401 571 4440; x_wconf 82' lang='lat' dir='ltr'>ven</span> <span class='ocrx_word' id='word_1_332' title='bbox 583 4386 648 4440; x_wconf 85' lang='lat' dir='ltr'>Rem</span> <span class='ocrx_word' id='word_1_333' title='bbox 666 4387 734 4441; x_wconf 76' lang='lat' dir='ltr'>esch</span> <span class='ocrx_word' id='word_1_334' title='bbox 747 4388 911 4462; x_wconf 78' lang='lat' dir='ltr'>Heidelberg</span> <span class='ocrx_word' id='word_1_335' title='bbox 929 4389 1132 4457; x_wconf 70' lang='lat' dir='ltr'>amarissime,</span> <span class='ocrx_word' id='word_1_336' title='bbox 1151 4391 1220 4447; x_wconf 74' lang='lat' dir='ltr'>itast</span> <span class='ocrx_word' id='word_1_337' title='bbox 1232 4391 1287 4450; x_wconf 75' lang='lat' dir='ltr'>siole</span> 
     </span>
    </p>
   </div>
   <div class='ocr_carea' id='block_1_12' title="bbox 0 0 1366 4898">
    <p class='ocr_par' dir='ltr' id='par_1_13' title="bbox 0 0 1366 4898">
     <span class='ocr_line' id='line_1_42' title="bbox 0 0 1366 4898; baseline 0 0"><span class='ocrx_word' id='word_1_338' title='bbox 0 0 1366 4898; x_wconf 95' lang='lat' dir='ltr'> </span> 
     </span>
    </p>
   </div>
  </div>
 </body>
</html>
