<?xml version="1.0" encoding="UTF-8"?>
<!DOCTYPE html PUBLIC "-//W3C//DTD XHTML 1.0 Transitional//EN"
    "http://www.w3.org/TR/xhtml1/DTD/xhtml1-transitional.dtd">
<html xmlns="http://www.w3.org/1999/xhtml" xml:lang="en" lang="en">
 <head>
  <title>
</title>
<meta http-equiv="Content-Type" content="text/html;charset=utf-8" />
  <meta name='ocr-system' content='tesseract 3.04.00' />
  <meta name='ocr-capabilities' content='ocr_page ocr_carea ocr_par ocr_line ocrx_word'/>
</head>
<body>
  <div class='ocr_page' id='page_1' title='image "./johannreuchlins00reucgoog/johannreuchlins00reucgoog_0122.png"; bbox 0 0 2716 4898; ppageno 0'>
   <div class='ocr_carea' id='block_1_1' title="bbox 700 305 766 368">
    <p class='ocr_par' dir='ltr' id='par_1_1' title="bbox 700 305 766 368">
     <span class='ocr_line' id='line_1_1' title="bbox 700 305 766 368; baseline 0 0"><span class='ocrx_word' id='word_1_1' title='bbox 700 305 766 368; x_wconf 90' lang='grc'><strong>110</strong></span> 
     </span>
    </p>
   </div>
   <div class='ocr_carea' id='block_1_2' title="bbox 149 493 1314 3639">
    <p class='ocr_par' dir='ltr' id='par_1_2' title="bbox 149 493 1314 3639">
     <span class='ocr_line' id='line_1_2' title="bbox 153 493 1311 583; baseline 0.002 -23"><span class='ocrx_word' id='word_1_2' title='bbox 153 494 234 560; x_wconf 86' lang='lat' dir='ltr'><strong>nibil</strong></span> <span class='ocrx_word' id='word_1_3' title='bbox 254 494 361 560; x_wconf 80' lang='lat' dir='ltr'><strong>adbuc</strong></span> <span class='ocrx_word' id='word_1_4' title='bbox 383 515 424 559; x_wconf 83' lang='lat' dir='ltr'><strong>ex</strong></span> <span class='ocrx_word' id='word_1_5' title='bbox 445 516 498 558; x_wconf 83' lang='lat' dir='ltr'><strong>me</strong></span> <span class='ocrx_word' id='word_1_6' title='bbox 512 493 663 558; x_wconf 79' lang='lat' dir='ltr'><strong>babetur.</strong></span> <span class='ocrx_word' id='word_1_7' title='bbox 708 495 768 559; x_wconf 77' lang='lat' dir='ltr'><strong>Est</strong></span> <span class='ocrx_word' id='word_1_8' title='bbox 782 498 868 561; x_wconf 88' lang='lat' dir='ltr'><strong>enim</strong></span> <span class='ocrx_word' id='word_1_9' title='bbox 882 496 1044 563; x_wconf 74' lang='lat' dir='ltr'><strong>altissima</strong></span> <span class='ocrx_word' id='word_1_10' title='bbox 1058 498 1311 583; x_wconf 73' lang='lat' dir='ltr'><strong>speculationum</strong></span> 
     </span>
     <span class='ocr_line' id='line_1_3' title="bbox 153 600 1311 686; baseline 0.004 -23"><span class='ocrx_word' id='word_1_11' title='bbox 153 623 251 685; x_wconf 65' lang='lat' dir='ltr'><strong>cruam</strong></span> <span class='ocrx_word' id='word_1_12' title='bbox 284 601 412 684; x_wconf 75' lang='lat' dir='ltr'><strong>liuguae</strong></span> <span class='ocrx_word' id='word_1_13' title='bbox 450 600 627 664; x_wconf 66' lang='lat' dir='ltr'><strong>hebnkae</strong></span> <span class='ocrx_word' id='word_1_14' title='bbox 664 600 762 684; x_wconf 76' lang='lat' dir='ltr'><strong>plena</strong></span> <span class='ocrx_word' id='word_1_15' title='bbox 796 605 938 686; x_wconf 32' lang='lat' dir='ltr'><strong>sisignius</strong></span> <span class='ocrx_word' id='word_1_16' title='bbox 975 603 1078 670; x_wconf 86' lang='lat' dir='ltr'><strong>debet</strong></span> <span class='ocrx_word' id='word_1_17' title='bbox 1110 603 1311 683; x_wconf 77' lang='lat' dir='ltr'>antecedere,</span> 
     </span>
     <span class='ocr_line' id='line_1_4' title="bbox 154 707 1313 793; baseline 0.004 -22"><span class='ocrx_word' id='word_1_18' title='bbox 154 729 256 791; x_wconf 84' lang='lat' dir='ltr'><strong>quare</strong></span> <span class='ocrx_word' id='word_1_19' title='bbox 271 707 417 790; x_wconf 79' lang='lat' dir='ltr'><strong>discipuli</strong></span> <span class='ocrx_word' id='word_1_20' title='bbox 433 707 525 789; x_wconf 79' lang='lat' dir='ltr'><strong>prins</strong></span> <span class='ocrx_word' id='word_1_21' title='bbox 544 707 759 770; x_wconf 74' lang='lat' dir='ltr'><strong>continuandi</strong></span> <span class='ocrx_word' id='word_1_22' title='bbox 774 722 860 771; x_wconf 80' lang='lat' dir='ltr'><strong>sunt</strong></span> <span class='ocrx_word' id='word_1_23' title='bbox 898 709 948 773; x_wconf 87' lang='lat' dir='ltr'><strong>De</strong></span> <span class='ocrx_word' id='word_1_24' title='bbox 968 709 1099 774; x_wconf 87' lang='lat' dir='ltr'><strong>nomine</strong></span> <span class='ocrx_word' id='word_1_25' title='bbox 1114 711 1313 793; x_wconf 84' lang='lat' dir='ltr'><strong>Tetragrsm·</strong></span> 
     </span>
     <span class='ocr_line' id='line_1_5' title="bbox 152 811 1313 900; baseline 0.003 -24"><span class='ocrx_word' id='word_1_26' title='bbox 152 822 263 877; x_wconf 84' lang='lat' dir='ltr'><strong>maton</strong></span> <span class='ocrx_word' id='word_1_27' title='bbox 279 815 307 877; x_wconf 84' lang='lat' dir='ltr'><strong>si</strong></span> <span class='ocrx_word' id='word_1_28' title='bbox 321 813 520 895; x_wconf 81' lang='lat' dir='ltr'><strong>t&#39;apnionem</strong></span> <span class='ocrx_word' id='word_1_29' title='bbox 535 817 704 876; x_wconf 76' lang='lat' dir='ltr'><strong>uosmum¹</strong></span> <span class='ocrx_word' id='word_1_30' title='bbox 721 811 898 896; x_wconf 74' lang='lat' dir='ltr'><strong>perlegeris</strong></span> <span class='ocrx_word' id='word_1_31' title='bbox 911 814 1065 894; x_wconf 86' lang='lat' dir='ltr'><strong>inrenies,</strong></span> <span class='ocrx_word' id='word_1_32' title='bbox 1087 815 1171 881; x_wconf 91' lang='lat' dir='ltr'><strong>illud</strong></span> <span class='ocrx_word' id='word_1_33' title='bbox 1188 822 1313 900; x_wconf 86' lang='lat' dir='ltr'><strong>propter</strong></span> 
     </span>
     <span class='ocr_line' id='line_1_6' title="bbox 153 919 1312 1003; baseline 0 -19"><span class='ocrx_word' id='word_1_34' title='bbox 153 919 363 984; x_wconf 69' lang='lat' dir='ltr'><strong>excellentiae</strong></span> <span class='ocrx_word' id='word_1_35' title='bbox 384 939 465 982; x_wconf 79' lang='lat' dir='ltr'><strong>arrae</strong></span> <span class='ocrx_word' id='word_1_36' title='bbox 485 920 700 982; x_wconf 72' lang='lat' dir='ltr'><strong>reverentiam</strong></span> <span class='ocrx_word' id='word_1_37' title='bbox 714 919 910 1003; x_wconf 70' lang='lat' dir='ltr'><strong>omnisque</strong></span> <span class='ocrx_word' id='word_1_38' title='bbox 925 920 1046 986; x_wconf 84' lang='lat' dir='ltr'><strong>notulis</strong></span> <span class='ocrx_word' id='word_1_39' title='bbox 1058 921 1136 987; x_wconf 87' lang='lat' dir='ltr'><strong>aliis</strong></span> <span class='ocrx_word' id='word_1_40' title='bbox 1150 919 1312 1000; x_wconf 79' lang='lat' dir='ltr'><strong>conscribi,</strong></span> 
     </span>
     <span class='ocr_line' id='line_1_7' title="bbox 152 1024 1312 1111; baseline 0.002 -21"><span class='ocrx_word' id='word_1_41' title='bbox 152 1046 194 1090; x_wconf 87' lang='lat' dir='ltr'><strong>ne</strong></span> <span class='ocrx_word' id='word_1_42' title='bbox 215 1025 404 1109; x_wconf 83' lang='lat' dir='ltr'><strong>quotidiano</strong></span> <span class='ocrx_word' id='word_1_43' title='bbox 425 1047 489 1088; x_wconf 86' lang='lat' dir='ltr'><strong>usu</strong></span> <span class='ocrx_word' id='word_1_44' title='bbox 511 1024 656 1088; x_wconf 75' lang='lat' dir='ltr'><strong>rilesoet.</strong></span> <span class='ocrx_word' id='word_1_45' title='bbox 700 1024 809 1102; x_wconf 78' lang='lat' dir='ltr'><strong>Quare</strong></span> <span class='ocrx_word' id='word_1_46' title='bbox 823 1026 929 1091; x_wconf 83' lang='lat' dir='ltr'><strong>solent</strong></span> <span class='ocrx_word' id='word_1_47' title='bbox 950 1028 1079 1111; x_wconf 81' lang='lat' dir='ltr'><strong>quoties</strong></span> <span class='ocrx_word' id='word_1_48' title='bbox 1092 1029 1129 1093; x_wconf 92' lang='lat' dir='ltr'><strong>in</strong></span> <span class='ocrx_word' id='word_1_49' title='bbox 1143 1024 1312 1093; x_wconf 79' lang='lat' dir='ltr'><strong>chartaceo</strong></span> 
     </span>
     <span class='ocr_line' id='line_1_8' title="bbox 151 1130 1312 1217; baseline 0.003 -24"><span class='ocrx_word' id='word_1_50' title='bbox 151 1152 277 1215; x_wconf 71' lang='lat' dir='ltr'><strong>papyro</strong></span> <span class='ocrx_word' id='word_1_51' title='bbox 298 1130 494 1213; x_wconf 78' lang='lat' dir='ltr'><strong>depingitur,</strong></span> <span class='ocrx_word' id='word_1_52' title='bbox 516 1152 579 1194; x_wconf 94' lang='lat' dir='ltr'><strong>non</strong></span> <span class='ocrx_word' id='word_1_53' title='bbox 601 1131 738 1214; x_wconf 78' lang='lat' dir='ltr'>integris</span> <span class='ocrx_word' id='word_1_54' title='bbox 759 1130 880 1198; x_wconf 83' lang='lat' dir='ltr'><strong>litteris</strong></span> <span class='ocrx_word' id='word_1_55' title='bbox 901 1130 1065 1217; x_wconf 81' lang='lat' dir='ltr'><strong>effingere,</strong></span> <span class='ocrx_word' id='word_1_56' title='bbox 1087 1133 1147 1199; x_wconf 85' lang='lat' dir='ltr'><strong>sed</strong></span> <span class='ocrx_word' id='word_1_57' title='bbox 1172 1132 1312 1199; x_wconf 85' lang='lat' dir='ltr'><strong>ultimam</strong></span> 
     </span>
     <span class='ocr_line' id='line_1_9' title="bbox 152 1235 1313 1319; baseline 0.001 -18"><span class='ocrx_word' id='word_1_58' title='bbox 152 1257 227 1301; x_wconf 91' lang='lat' dir='ltr'><strong>cum</strong></span> <span class='ocrx_word' id='word_1_59' title='bbox 249 1236 376 1314; x_wconf 76' lang='lat' dir='ltr'><strong>daleth,</strong></span> <span class='ocrx_word' id='word_1_60' title='bbox 403 1235 455 1300; x_wconf 81' lang='lat' dir='ltr'><strong>rel</strong></span> <span class='ocrx_word' id='word_1_61' title='bbox 477 1244 558 1319; x_wconf 84' lang='lat' dir='ltr'><strong>quot</strong></span> <span class='ocrx_word' id='word_1_62' title='bbox 580 1248 696 1302; x_wconf 81' lang='lat' dir='ltr'><strong>notare</strong></span> <span class='ocrx_word' id='word_1_63' title='bbox 717 1238 783 1302; x_wconf 84' lang='lat' dir='ltr'><strong>sic:</strong></span> <span class='ocrx_word' id='word_1_64' title='bbox 805 1252 882 1295; x_wconf 61' lang='grc' dir='ltr'><strong>’.π’</strong></span> <span class='ocrx_word' id='word_1_65' title='bbox 908 1237 960 1302; x_wconf 85' lang='lat' dir='ltr'><strong>rel</strong></span> <span class='ocrx_word' id='word_1_66' title='bbox 989 1251 1066 1307; x_wconf 59' lang='grc' dir='ltr'><strong>νῆ’</strong></span> <span class='ocrx_word' id='word_1_67' title='bbox 1098 1246 1160 1304; x_wconf 88' lang='lat' dir='ltr'><strong>ant</strong></span> <span class='ocrx_word' id='word_1_68' title='bbox 1191 1236 1313 1304; x_wconf 92' lang='lat' dir='ltr'><strong>omnino</strong></span> 
     </span>
     <span class='ocr_line' id='line_1_10' title="bbox 152 1340 1312 1426; baseline 0.003 -20"><span class='ocrx_word' id='word_1_69' title='bbox 152 1341 227 1406; x_wconf 87' lang='lat' dir='ltr'><strong>aliis</strong></span> <span class='ocrx_word' id='word_1_70' title='bbox 256 1340 437 1420; x_wconf 85' lang='lat' dir='ltr'><strong>notis...²,</strong></span> <span class='ocrx_word' id='word_1_71' title='bbox 466 1363 523 1407; x_wconf 83' lang='lat' dir='ltr'><strong>seu</strong></span> <span class='ocrx_word' id='word_1_72' title='bbox 549 1341 616 1407; x_wconf 88' lang='lat' dir='ltr'><strong>alio</strong></span> <span class='ocrx_word' id='word_1_73' title='bbox 644 1344 760 1426; x_wconf 76' lang='lat' dir='ltr'><strong>quovis</strong></span> <span class='ocrx_word' id='word_1_74' title='bbox 781 1342 894 1421; x_wconf 89' lang='lat' dir='ltr'><strong>modo,</strong></span> <span class='ocrx_word' id='word_1_75' title='bbox 925 1342 1004 1408; x_wconf 91' lang='lat' dir='ltr'><strong>dnm</strong></span> <span class='ocrx_word' id='word_1_76' title='bbox 1026 1365 1090 1409; x_wconf 90' lang='lat' dir='ltr'><strong>non</strong></span> <span class='ocrx_word' id='word_1_77' title='bbox 1114 1344 1183 1409; x_wconf 90' lang='lat' dir='ltr'><strong>sint</strong></span> <span class='ocrx_word' id='word_1_78' title='bbox 1204 1344 1312 1410; x_wconf 74' lang='lat' dir='ltr'><strong>litem</strong></span> 
     </span>
     <span class='ocr_line' id='line_1_11' title="bbox 153 1446 1314 1533; baseline 0.002 -21"><span class='ocrx_word' id='word_1_79' title='bbox 153 1446 257 1531; x_wconf 69' lang='lat' dir='ltr'><strong>Moysi</strong></span> <span class='ocrx_word' id='word_1_80' title='bbox 280 1447 435 1512; x_wconf 73' lang='lat' dir='ltr'><strong>revelata</strong></span> <span class='ocrx_word' id='word_1_81' title='bbox 458 1468 541 1530; x_wconf 85' lang='lat' dir='ltr'><strong>quas</strong></span> <span class='ocrx_word' id='word_1_82' title='bbox 556 1447 661 1512; x_wconf 90' lang='lat' dir='ltr'><strong>solnm</strong></span> <span class='ocrx_word' id='word_1_83' title='bbox 676 1449 763 1513; x_wconf 85' lang='lat' dir='ltr'><strong>inter</strong></span> <span class='ocrx_word' id='word_1_84' title='bbox 778 1469 872 1514; x_wconf 83' lang='lat' dir='ltr'><strong>sacra</strong></span> <span class='ocrx_word' id='word_1_85' title='bbox 886 1448 1016 1533; x_wconf 86' lang='lat' dir='ltr'><strong>eloquia</strong></span> <span class='ocrx_word' id='word_1_86' title='bbox 1030 1449 1231 1516; x_wconf 78' lang='lat' dir='ltr'><strong>membranis</strong></span> <span class='ocrx_word' id='word_1_87' title='bbox 1247 1469 1314 1516; x_wconf 92' lang='lat' dir='ltr'><strong>con·</strong></span> 
     </span>
     <span class='ocr_line' id='line_1_12' title="bbox 151 1551 1313 1639; baseline 0.002 -22"><span class='ocrx_word' id='word_1_88' title='bbox 151 1555 276 1637; x_wconf 86' lang='lat' dir='ltr'><strong>scripta</strong></span> <span class='ocrx_word' id='word_1_89' title='bbox 297 1552 510 1619; x_wconf 77' lang='lat' dir='ltr'><strong>conformant.</strong></span> <span class='ocrx_word' id='word_1_90' title='bbox 549 1552 692 1630; x_wconf 81' lang='lat' dir='ltr'><strong>Qnaestio</strong></span> <span class='ocrx_word' id='word_1_91' title='bbox 707 1560 766 1618; x_wconf 84' lang='lat' dir='ltr'><strong>tna</strong></span> <span class='ocrx_word' id='word_1_92' title='bbox 787 1552 829 1619; x_wconf 86' lang='lat' dir='ltr'><strong>de</strong></span> <span class='ocrx_word' id='word_1_93' title='bbox 852 1554 1030 1620; x_wconf 82' lang='lat' dir='ltr'><strong>dictionum</strong></span> <span class='ocrx_word' id='word_1_94' title='bbox 1052 1555 1186 1639; x_wconf 88' lang='lat' dir='ltr'><strong>punctis</strong></span> <span class='ocrx_word' id='word_1_95' title='bbox 1213 1551 1313 1621; x_wconf 79' lang='lat' dir='ltr'><strong>sbsol</strong></span> 
     </span>
     <span class='ocr_line' id='line_1_13' title="bbox 152 1658 1313 1738; baseline 0.003 -16"><span class='ocrx_word' id='word_1_96' title='bbox 152 1659 240 1724; x_wconf 78' lang='lat' dir='ltr'><strong>nitur</strong></span> <span class='ocrx_word' id='word_1_97' title='bbox 271 1659 366 1725; x_wconf 87' lang='lat' dir='ltr'><strong>titulo</strong></span> <span class='ocrx_word' id='word_1_98' title='bbox 393 1658 661 1724; x_wconf 68' lang='lat' dir='ltr'><strong>rudimentorum</strong></span> <span class='ocrx_word' id='word_1_99' title='bbox 706 1659 769 1737; x_wconf 85' lang='lat' dir='ltr'><strong>Qui</strong></span> <span class='ocrx_word' id='word_1_100' title='bbox 800 1661 885 1725; x_wconf 89' lang='lat' dir='ltr'><strong>euim</strong></span> <span class='ocrx_word' id='word_1_101' title='bbox 916 1659 1085 1738; x_wconf 86' lang='lat' dir='ltr'><strong>erudiunt,</strong></span> <span class='ocrx_word' id='word_1_102' title='bbox 1115 1681 1181 1726; x_wconf 93' lang='lat' dir='ltr'><strong>non</strong></span> <span class='ocrx_word' id='word_1_103' title='bbox 1212 1660 1313 1726; x_wconf 84' lang='lat' dir='ltr'><strong>omnia</strong></span> 
     </span>
     <span class='ocr_line' id='line_1_14' title="bbox 152 1765 1312 1842; baseline 0.002 -12"><span class='ocrx_word' id='word_1_104' title='bbox 152 1773 266 1830; x_wconf 79' lang='lat' dir='ltr'><strong>secant</strong></span> <span class='ocrx_word' id='word_1_105' title='bbox 285 1765 328 1830; x_wconf 83' lang='lat' dir='ltr'><strong>ad</strong></span> <span class='ocrx_word' id='word_1_106' title='bbox 350 1766 478 1842; x_wconf 72' lang='lat' dir='ltr'><strong>rivum,</strong></span> <span class='ocrx_word' id='word_1_107' title='bbox 513 1765 572 1830; x_wconf 88' lang='lat' dir='ltr'><strong>sed</strong></span> <span class='ocrx_word' id='word_1_108' title='bbox 594 1766 773 1830; x_wconf 85' lang='lat' dir='ltr'><strong>admittunt</strong></span> <span class='ocrx_word' id='word_1_109' title='bbox 795 1766 943 1832; x_wconf 85' lang='lat' dir='ltr'><strong>sarculos</strong></span> <span class='ocrx_word' id='word_1_110' title='bbox 957 1767 990 1831; x_wconf 92' lang='lat' dir='ltr'><strong>in</strong></span> <span class='ocrx_word' id='word_1_111' title='bbox 1005 1788 1126 1832; x_wconf 84' lang='lat' dir='ltr'><strong>aunum</strong></span> <span class='ocrx_word' id='word_1_112' title='bbox 1147 1773 1312 1834; x_wconf 83' lang='lat' dir='ltr'><strong>venturum</strong></span> 
     </span>
     <span class='ocr_line' id='line_1_15' title="bbox 152 1869 1312 1955; baseline 0.001 -20"><span class='ocrx_word' id='word_1_113' title='bbox 152 1870 323 1954; x_wconf 86' lang='lat' dir='ltr'><strong>putandos.</strong></span> <span class='ocrx_word' id='word_1_114' title='bbox 368 1869 442 1934; x_wconf 64' lang='grc' dir='ltr'><strong>Ειι8</strong></span> <span class='ocrx_word' id='word_1_115' title='bbox 469 1891 542 1954; x_wconf 79' lang='lat' dir='ltr'><strong>qua</strong></span> <span class='ocrx_word' id='word_1_116' title='bbox 564 1880 686 1955; x_wconf 89' lang='lat' dir='ltr'><strong>puncta</strong></span> <span class='ocrx_word' id='word_1_117' title='bbox 708 1871 881 1955; x_wconf 84' lang='lat' dir='ltr'><strong>designaut</strong></span> <span class='ocrx_word' id='word_1_118' title='bbox 902 1893 968 1937; x_wconf 89' lang='lat' dir='ltr'><strong>non</strong></span> <span class='ocrx_word' id='word_1_119' title='bbox 990 1871 1211 1938; x_wconf 91' lang='lat' dir='ltr'><strong>distinctionis</strong></span> <span class='ocrx_word' id='word_1_120' title='bbox 1233 1877 1312 1951; x_wconf 87' lang='lat' dir='ltr'><strong>sunt,</strong></span> 
     </span>
     <span class='ocr_line' id='line_1_16' title="bbox 152 1974 1311 2062; baseline 0.002 -22"><span class='ocrx_word' id='word_1_121' title='bbox 152 1975 210 2040; x_wconf 89' lang='lat' dir='ltr'><strong>scd</strong></span> <span class='ocrx_word' id='word_1_122' title='bbox 239 1974 289 2040; x_wconf 81' lang='lat' dir='ltr'><strong>vel</strong></span> <span class='ocrx_word' id='word_1_123' title='bbox 317 1975 477 2058; x_wconf 76' lang='lat' dir='ltr'><strong>prosodiae</strong></span> <span class='ocrx_word' id='word_1_124' title='bbox 509 1976 560 2040; x_wconf 82' lang='lat' dir='ltr'><strong>rel</strong></span> <span class='ocrx_word' id='word_1_125' title='bbox 588 1985 787 2061; x_wconf 86' lang='lat' dir='ltr'><strong>temporum,</strong></span> <span class='ocrx_word' id='word_1_126' title='bbox 815 1977 866 2042; x_wconf 83' lang='lat' dir='ltr'><strong>rel</strong></span> <span class='ocrx_word' id='word_1_127' title='bbox 894 1978 1081 2061; x_wconf 89' lang='lat' dir='ltr'><strong>passionum</strong></span> <span class='ocrx_word' id='word_1_128' title='bbox 1113 1984 1202 2044; x_wconf 74' lang='lat' dir='ltr'><strong>notre</strong></span> <span class='ocrx_word' id='word_1_129' title='bbox 1231 1977 1311 2062; x_wconf 83' lang='lat' dir='ltr'><strong>spod</strong></span> 
     </span>
     <span class='ocr_line' id='line_1_17' title="bbox 152 2080 1311 2170; baseline 0.003 -25"><span class='ocrx_word' id='word_1_130' title='bbox 152 2080 294 2145; x_wconf 77' lang='lat' dir='ltr'><strong>Graecos</strong></span> <span class='ocrx_word' id='word_1_131' title='bbox 316 2082 422 2169; x_wconf 57' lang='grc' dir='ltr'><strong>χρόνοι,</strong></span> <span class='ocrx_word' id='word_1_132' title='bbox 436 2081 534 2168; x_wconf 62' lang='lat' dir='ltr'><strong>stipor,</strong></span> <span class='ocrx_word' id='word_1_133' title='bbox 556 2084 725 2169; x_wconf 64' lang='grc' dir='ltr'><strong>πνεύματι,</strong></span> <span class='ocrx_word' id='word_1_134' title='bbox 747 2083 925 2170; x_wconf 65' lang='grc' dir='ltr'><strong>παθήματι,</strong></span> <span class='ocrx_word' id='word_1_135' title='bbox 947 2083 990 2148; x_wconf 87' lang='lat' dir='ltr'><strong>do</strong></span> <span class='ocrx_word' id='word_1_136' title='bbox 1012 2102 1078 2168; x_wconf 80' lang='lat' dir='ltr'><strong>qna</strong></span> <span class='ocrx_word' id='word_1_137' title='bbox 1101 2105 1139 2148; x_wconf 87' lang='lat' dir='ltr'><strong>rc</strong></span> <span class='ocrx_word' id='word_1_138' title='bbox 1163 2083 1311 2168; x_wconf 84' lang='lat' dir='ltr'><strong>perfectis</strong></span> 
     </span>
     <span class='ocr_line' id='line_1_18' title="bbox 151 2185 1311 2269; baseline 0.001 -17"><span class='ocrx_word' id='word_1_139' title='bbox 151 2186 326 2269; x_wconf 79' lang='lat' dir='ltr'><strong>perfectior</strong></span> <span class='ocrx_word' id='word_1_140' title='bbox 348 2193 399 2250; x_wconf 85' lang='lat' dir='ltr'><strong>est</strong></span> <span class='ocrx_word' id='word_1_141' title='bbox 427 2185 606 2269; x_wconf 79' lang='lat' dir='ltr'><strong>disciplina.</strong></span> <span class='ocrx_word' id='word_1_142' title='bbox 652 2188 746 2264; x_wconf 89' lang='lat' dir='ltr'><strong>Quod</strong></span> <span class='ocrx_word' id='word_1_143' title='bbox 773 2187 977 2254; x_wconf 85' lang='lat' dir='ltr'><strong>chaldaicum</strong></span> <span class='ocrx_word' id='word_1_144' title='bbox 1005 2188 1233 2255; x_wconf 76' lang='lat' dir='ltr'><strong>characterem</strong></span> <span class='ocrx_word' id='word_1_145' title='bbox 1262 2188 1311 2254; x_wconf 87' lang='lat' dir='ltr'><strong>ds·</strong></span> 
     </span>
     <span class='ocr_line' id='line_1_19' title="bbox 151 2289 1310 2377; baseline 0 -20"><span class='ocrx_word' id='word_1_146' title='bbox 151 2293 296 2377; x_wconf 80' lang='lat' dir='ltr'><strong>sydonae,</strong></span> <span class='ocrx_word' id='word_1_147' title='bbox 330 2290 409 2356; x_wconf 90' lang='lat' dir='ltr'><strong>nibil</strong></span> <span class='ocrx_word' id='word_1_148' title='bbox 438 2289 549 2357; x_wconf 85' lang='lat' dir='ltr'><strong>differt</strong></span> <span class='ocrx_word' id='word_1_149' title='bbox 578 2313 618 2357; x_wconf 89' lang='lat' dir='ltr'><strong>ea</strong></span> <span class='ocrx_word' id='word_1_150' title='bbox 640 2292 750 2372; x_wconf 84' lang='lat' dir='ltr'><strong>litera,</strong></span> <span class='ocrx_word' id='word_1_151' title='bbox 773 2294 871 2358; x_wconf 86' lang='lat' dir='ltr'><strong>crede</strong></span> <span class='ocrx_word' id='word_1_152' title='bbox 893 2293 982 2371; x_wconf 89' lang='lat' dir='ltr'><strong>mibi,</strong></span> <span class='ocrx_word' id='word_1_153' title='bbox 1004 2292 1048 2360; x_wconf 85' lang='lat' dir='ltr'><strong>ab</strong></span> <span class='ocrx_word' id='word_1_154' title='bbox 1072 2292 1235 2373; x_wconf 87' lang='lat' dir='ltr'><strong>hebraea,</strong></span> <span class='ocrx_word' id='word_1_155' title='bbox 1258 2291 1310 2359; x_wconf 91' lang='lat' dir='ltr'><strong>sed</strong></span> 
     </span>
     <span class='ocr_line' id='line_1_20' title="bbox 151 2397 1311 2483; baseline 0.001 -20"><span class='ocrx_word' id='word_1_156' title='bbox 151 2398 272 2464; x_wconf 85' lang='lat' dir='ltr'><strong>eisdem</strong></span> <span class='ocrx_word' id='word_1_157' title='bbox 295 2397 404 2482; x_wconf 87' lang='lat' dir='ltr'><strong>figuris</strong></span> <span class='ocrx_word' id='word_1_158' title='bbox 428 2397 584 2463; x_wconf 86' lang='lat' dir='ltr'><strong>scribitur</strong></span> <span class='ocrx_word' id='word_1_159' title='bbox 606 2397 794 2464; x_wconf 86' lang='lat' dir='ltr'><strong>chaldaicus</strong></span> <span class='ocrx_word' id='word_1_160' title='bbox 816 2406 851 2464; x_wconf 85' lang='lat' dir='ltr'><strong>et</strong></span> <span class='ocrx_word' id='word_1_161' title='bbox 872 2397 1046 2464; x_wconf 90' lang='lat' dir='ltr'><strong>hebraicus</strong></span> <span class='ocrx_word' id='word_1_162' title='bbox 1065 2419 1182 2464; x_wconf 91' lang='lat' dir='ltr'><strong>sermo.</strong></span> <span class='ocrx_word' id='word_1_163' title='bbox 1221 2398 1311 2483; x_wconf 73' lang='lat' dir='ltr'><strong>Syro</strong></span> 
     </span>
     <span class='ocr_line' id='line_1_21' title="bbox 150 2502 1311 2587; baseline -0.002 -17"><span class='ocrx_word' id='word_1_164' title='bbox 150 2526 222 2571; x_wconf 90' lang='lat' dir='ltr'><strong>rum</strong></span> <span class='ocrx_word' id='word_1_165' title='bbox 256 2525 295 2570; x_wconf 87' lang='lat' dir='ltr'><strong>ea</strong></span> <span class='ocrx_word' id='word_1_166' title='bbox 326 2509 376 2569; x_wconf 91' lang='lat' dir='ltr'><strong>est</strong></span> <span class='ocrx_word' id='word_1_167' title='bbox 407 2502 535 2586; x_wconf 87' lang='lat' dir='ltr'><strong>lingua,</strong></span> <span class='ocrx_word' id='word_1_168' title='bbox 571 2525 669 2587; x_wconf 91' lang='lat' dir='ltr'><strong>qnam</strong></span> <span class='ocrx_word' id='word_1_169' title='bbox 704 2503 854 2569; x_wconf 81' lang='lat' dir='ltr'><strong>Gallilaei</strong></span> <span class='ocrx_word' id='word_1_170' title='bbox 887 2524 999 2570; x_wconf 90' lang='lat' dir='ltr'><strong>omnes</strong></span> <span class='ocrx_word' id='word_1_171' title='bbox 1035 2511 1071 2569; x_wconf 90' lang='lat' dir='ltr'><strong>et</strong></span> <span class='ocrx_word' id='word_1_172' title='bbox 1100 2503 1252 2570; x_wconf 86' lang='lat' dir='ltr'><strong>Christus</strong></span> <span class='ocrx_word' id='word_1_173' title='bbox 1281 2510 1311 2570; x_wconf 88' lang='lat' dir='ltr'><strong>et</strong></span> 
     </span>
     <span class='ocr_line' id='line_1_22' title="bbox 150 2607 1309 2696; baseline -0.003 -19"><span class='ocrx_word' id='word_1_174' title='bbox 150 2611 289 2696; x_wconf 89' lang='lat' dir='ltr'><strong>apostoli</strong></span> <span class='ocrx_word' id='word_1_175' title='bbox 304 2609 488 2675; x_wconf 88' lang='lat' dir='ltr'><strong>habuerunt</strong></span> <span class='ocrx_word' id='word_1_176' title='bbox 510 2608 543 2673; x_wconf 92' lang='lat' dir='ltr'><strong>iu</strong></span> <span class='ocrx_word' id='word_1_177' title='bbox 567 2631 637 2674; x_wconf 93' lang='lat' dir='ltr'><strong>usu.</strong></span> <span class='ocrx_word' id='word_1_178' title='bbox 683 2609 751 2676; x_wconf 83' lang='lat' dir='ltr'><strong>Nec</strong></span> <span class='ocrx_word' id='word_1_179' title='bbox 773 2611 876 2693; x_wconf 89' lang='lat' dir='ltr'><strong>major</strong></span> <span class='ocrx_word' id='word_1_180' title='bbox 898 2609 1028 2674; x_wconf 85' lang='lat' dir='ltr'><strong>illarum</strong></span> <span class='ocrx_word' id='word_1_181' title='bbox 1053 2607 1238 2693; x_wconf 83' lang='lat' dir='ltr'><strong>linguarum</strong></span> <span class='ocrx_word' id='word_1_182' title='bbox 1261 2614 1309 2675; x_wconf 89' lang='lat' dir='ltr'><strong>est</strong></span> 
     </span>
     <span class='ocr_line' id='line_1_23' title="bbox 150 2712 1308 2801; baseline -0.001 -20"><span class='ocrx_word' id='word_1_183' title='bbox 150 2716 335 2801; x_wconf 82' lang='lat' dir='ltr'><strong>disparitas,</strong></span> <span class='ocrx_word' id='word_1_184' title='bbox 367 2725 462 2799; x_wconf 82' lang='lat' dir='ltr'><strong>qu&#39;am</strong></span> <span class='ocrx_word' id='word_1_185' title='bbox 493 2715 581 2798; x_wconf 89' lang='lat' dir='ltr'><strong>aqud</strong></span> <span class='ocrx_word' id='word_1_186' title='bbox 610 2735 668 2780; x_wconf 91' lang='lat' dir='ltr'><strong>nos</strong></span> <span class='ocrx_word' id='word_1_187' title='bbox 692 2714 871 2780; x_wconf 88' lang='lat' dir='ltr'><strong>Germanos</strong></span> <span class='ocrx_word' id='word_1_188' title='bbox 900 2712 1017 2780; x_wconf 86' lang='lat' dir='ltr'><strong>bassae</strong></span> <span class='ocrx_word' id='word_1_189' title='bbox 1050 2720 1084 2778; x_wconf 89' lang='lat' dir='ltr'><strong>et</strong></span> <span class='ocrx_word' id='word_1_190' title='bbox 1120 2714 1224 2795; x_wconf 85' lang='lat' dir='ltr'><strong>altae,</strong></span> <span class='ocrx_word' id='word_1_191' title='bbox 1257 2735 1308 2780; x_wconf 89' lang='lat' dir='ltr'><strong>seu</strong></span> 
     </span>
     <span class='ocr_line' id='line_1_24' title="bbox 151 2818 1308 2906; baseline 0 -21"><span class='ocrx_word' id='word_1_192' title='bbox 151 2821 299 2904; x_wconf 85' lang='lat' dir='ltr'><strong>Belgicae</strong></span> <span class='ocrx_word' id='word_1_193' title='bbox 324 2825 357 2886; x_wconf 91' lang='lat' dir='ltr'><strong>et</strong></span> <span class='ocrx_word' id='word_1_194' title='bbox 379 2819 556 2903; x_wconf 85' lang='lat' dir='ltr'><strong>Bojaricae.</strong></span> <span class='ocrx_word' id='word_1_195' title='bbox 602 2820 716 2886; x_wconf 87' lang='lat' dir='ltr'><strong>Latius</strong></span> <span class='ocrx_word' id='word_1_196' title='bbox 739 2820 828 2906; x_wconf 89' lang='lat' dir='ltr'><strong>apud</strong></span> <span class='ocrx_word' id='word_1_197' title='bbox 850 2829 883 2886; x_wconf 86' lang='lat' dir='ltr'><strong>ts</strong></span> <span class='ocrx_word' id='word_1_198' title='bbox 906 2818 1083 2904; x_wconf 90' lang='lat' dir='ltr'><strong>aliquando</strong></span> <span class='ocrx_word' id='word_1_199' title='bbox 1106 2819 1238 2886; x_wconf 84' lang='lat' dir='ltr'><strong>futurus</strong></span> <span class='ocrx_word' id='word_1_200' title='bbox 1256 2839 1308 2904; x_wconf 81' lang='lat' dir='ltr'><strong>ego</strong></span> 
     </span>
     <span class='ocr_line' id='line_1_25' title="bbox 151 2924 1307 3010; baseline -0.002 -19"><span class='ocrx_word' id='word_1_201' title='bbox 151 2925 312 3010; x_wconf 84' lang='lat' dir='ltr'><strong>spatiandi</strong></span> <span class='ocrx_word' id='word_1_202' title='bbox 336 2926 450 3009; x_wconf 84' lang='lat' dir='ltr'><strong>gratia,</strong></span> <span class='ocrx_word' id='word_1_203' title='bbox 474 2926 502 2992; x_wconf 93' lang='lat' dir='ltr'><strong>si</strong></span> <span class='ocrx_word' id='word_1_204' title='bbox 521 2926 639 3010; x_wconf 89' lang='lat' dir='ltr'><strong>jubeat</strong></span> <span class='ocrx_word' id='word_1_205' title='bbox 654 2926 709 2991; x_wconf 89' lang='lat' dir='ltr'><strong>ille</strong></span> <span class='ocrx_word' id='word_1_206' title='bbox 725 2933 802 2992; x_wconf 87' lang='lat' dir='ltr'><strong>tuus</strong></span> <span class='ocrx_word' id='word_1_207' title='bbox 817 2925 1061 2991; x_wconf 87' lang='lat' dir='ltr'><strong>laudatissimus</strong></span> <span class='ocrx_word' id='word_1_208' title='bbox 1076 2924 1183 3005; x_wconf 87' lang='lat' dir='ltr'><strong>Abba,</strong></span> <span class='ocrx_word' id='word_1_209' title='bbox 1208 2931 1307 2991; x_wconf 87' lang='lat' dir='ltr'><strong>osten·</strong></span> 
     </span>
     <span class='ocr_line' id='line_1_26' title="bbox 151 3029 1306 3115; baseline -0.001 -19"><span class='ocrx_word' id='word_1_210' title='bbox 151 3031 226 3096; x_wconf 92' lang='lat' dir='ltr'><strong>dam</strong></span> <span class='ocrx_word' id='word_1_211' title='bbox 249 3053 308 3115; x_wconf 87' lang='lat' dir='ltr'><strong>pro</strong></span> <span class='ocrx_word' id='word_1_212' title='bbox 331 3037 445 3114; x_wconf 86' lang='lat' dir='ltr'><strong>coepta</strong></span> <span class='ocrx_word' id='word_1_213' title='bbox 467 3032 553 3098; x_wconf 89' lang='lat' dir='ltr'><strong>inter</strong></span> <span class='ocrx_word' id='word_1_214' title='bbox 576 3054 635 3098; x_wconf 89' lang='lat' dir='ltr'><strong>nos</strong></span> <span class='ocrx_word' id='word_1_215' title='bbox 658 3033 786 3115; x_wconf 84' lang='lat' dir='ltr'><strong>integra</strong></span> <span class='ocrx_word' id='word_1_216' title='bbox 809 3030 1026 3097; x_wconf 87' lang='lat' dir='ltr'><strong>benivolentia</strong></span> <span class='ocrx_word' id='word_1_217' title='bbox 1043 3030 1200 3115; x_wconf 89' lang='lat' dir='ltr'><strong>quioquid</strong></span> <span class='ocrx_word' id='word_1_218' title='bbox 1217 3029 1306 3096; x_wconf 86' lang='lat' dir='ltr'><strong>fucrit</strong></span> 
     </span>
     <span class='ocr_line' id='line_1_27' title="bbox 151 3136 1306 3223; baseline -0.003 -21"><span class='ocrx_word' id='word_1_219' title='bbox 151 3143 375 3220; x_wconf 87' lang='lat' dir='ltr'><strong>opportunum.</strong></span> <span class='ocrx_word' id='word_1_220' title='bbox 421 3136 513 3202; x_wconf 89' lang='lat' dir='ltr'><strong>Nunc</strong></span> <span class='ocrx_word' id='word_1_221' title='bbox 537 3137 657 3221; x_wconf 87' lang='lat' dir='ltr'><strong>raptim</strong></span> <span class='ocrx_word' id='word_1_222' title='bbox 681 3137 762 3202; x_wconf 90' lang='lat' dir='ltr'><strong>haec</strong></span> <span class='ocrx_word' id='word_1_223' title='bbox 786 3143 819 3202; x_wconf 87' lang='lat' dir='ltr'><strong>et</strong></span> <span class='ocrx_word' id='word_1_224' title='bbox 846 3136 1066 3221; x_wconf 83' lang='lat' dir='ltr'><strong>perfunctorie</strong></span> <span class='ocrx_word' id='word_1_225' title='bbox 1096 3136 1215 3220; x_wconf 88' lang='lat' dir='ltr'><strong>scripsi</strong></span> <span class='ocrx_word' id='word_1_226' title='bbox 1243 3136 1306 3223; x_wconf 73' lang='grc' dir='ltr'><strong>ἄτερ</strong></span> 
     </span>
     <span class='ocr_line' id='line_1_28' title="bbox 151 3241 1304 3327; baseline 0.003 -22"><span class='ocrx_word' id='word_1_227' title='bbox 151 3243 271 3326; x_wconf 77' lang='grc' dir='ltr'>βιβλίων</span> <span class='ocrx_word' id='word_1_228' title='bbox 301 3242 386 3308; x_wconf 88' lang='lat' dir='ltr'><strong>inter</strong></span> <span class='ocrx_word' id='word_1_229' title='bbox 413 3243 686 3308; x_wconf 86' lang='lat' dir='ltr'><strong>cementariorum</strong></span> <span class='ocrx_word' id='word_1_230' title='bbox 710 3242 838 3327; x_wconf 87' lang='lat' dir='ltr'><strong>opificia</strong></span> <span class='ocrx_word' id='word_1_231' title='bbox 861 3248 895 3307; x_wconf 91' lang='lat' dir='ltr'><strong>ct</strong></span> <span class='ocrx_word' id='word_1_232' title='bbox 918 3241 1082 3307; x_wconf 88' lang='lat' dir='ltr'><strong>structiles</strong></span> <span class='ocrx_word' id='word_1_233' title='bbox 1106 3241 1234 3326; x_wconf 86' lang='lat' dir='ltr'><strong>lapidos</strong></span> <span class='ocrx_word' id='word_1_234' title='bbox 1257 3241 1304 3323; x_wconf 76' lang='lat' dir='ltr'><strong>lig·</strong></span> 
     </span>
     <span class='ocr_line' id='line_1_29' title="bbox 149 3347 1304 3431; baseline -0.005 -16"><span class='ocrx_word' id='word_1_235' title='bbox 149 3369 263 3415; x_wconf 89' lang='lat' dir='ltr'><strong>norum</strong></span> <span class='ocrx_word' id='word_1_236' title='bbox 287 3370 428 3415; x_wconf 84' lang='lat' dir='ltr'><strong>acervos.</strong></span> <span class='ocrx_word' id='word_1_237' title='bbox 474 3348 555 3414; x_wconf 86' lang='lat' dir='ltr'><strong>Vale</strong></span> <span class='ocrx_word' id='word_1_238' title='bbox 578 3347 749 3414; x_wconf 87' lang='lat' dir='ltr'><strong>foeliciter.</strong></span> <span class='ocrx_word' id='word_1_239' title='bbox 796 3348 846 3412; x_wconf 82' lang='lat' dir='ltr'><strong>Ex</strong></span> <span class='ocrx_word' id='word_1_240' title='bbox 870 3347 1059 3431; x_wconf 86' lang='lat' dir='ltr'><strong>Stntgardia</strong></span> <span class='ocrx_word' id='word_1_241' title='bbox 1084 3352 1181 3429; x_wconf 81' lang='lat'><strong>1509,</strong></span> <span class='ocrx_word' id='word_1_242' title='bbox 1205 3364 1304 3413; x_wconf 87' lang='lat' dir='ltr'><strong>mense</strong></span> 
     </span>
     <span class='ocr_line' id='line_1_30' title="bbox 150 3455 247 3540; baseline -0.031 -18"><span class='ocrx_word' id='word_1_243' title='bbox 150 3455 247 3540; x_wconf 85' lang='lat' dir='ltr'><strong>Majo.</strong></span> 
     </span>
     <span class='ocr_line' id='line_1_31' title="bbox 239 3551 970 3639; baseline -0.001 -14"><span class='ocrx_word' id='word_1_244' title='bbox 239 3566 310 3627; x_wconf 88' lang='lat' dir='ltr'><strong>Msc.</strong></span> <span class='ocrx_word' id='word_1_245' title='bbox 327 3564 467 3639; x_wconf 78' lang='lat' dir='ltr'><strong>Ellenbog</strong></span> <span class='ocrx_word' id='word_1_246' title='bbox 481 3566 531 3625; x_wconf 89' lang='lat' dir='ltr'><strong>lib.</strong></span> <span class='ocrx_word' id='word_1_247' title='bbox 548 3564 562 3623; x_wconf 95' lang='lat' dir='ltr'>I</span> <span class='ocrx_word' id='word_1_248' title='bbox 579 3583 623 3638; x_wconf 85' lang='lat' dir='ltr'><strong>ep.</strong></span> <span class='ocrx_word' id='word_1_249' title='bbox 641 3567 680 3624; x_wconf 79' lang='lat'><strong>71</strong></span> <span class='ocrx_word' id='word_1_250' title='bbox 698 3563 746 3626; x_wconf 87' lang='lat' dir='ltr'><strong>sol.</strong></span> <span class='ocrx_word' id='word_1_251' title='bbox 766 3567 824 3625; x_wconf 68' lang='lat'><strong>62³</strong></span> <span class='ocrx_word' id='word_1_252' title='bbox 840 3551 883 3626; x_wconf 89' lang='lat' dir='ltr'><strong>bis</strong></span> <span class='ocrx_word' id='word_1_253' title='bbox 901 3561 970 3625; x_wconf 76' lang='lat'><strong>63¹³.</strong></span> 
     </span>
    </p>
   </div>
   <div class='ocr_carea' id='block_1_3' title="bbox 221 3744 1276 3888">
    <p class='ocr_par' dir='ltr' id='par_1_3' title="bbox 221 3744 1276 3888">
     <span class='ocr_line' id='line_1_32' title="bbox 684 3744 780 3813; baseline 0 -1"><span class='ocrx_word' id='word_1_254' title='bbox 684 3744 780 3813; x_wconf 85' lang='lat' dir='ltr'><strong>CVII.</strong></span> 
     </span>
     <span class='ocr_line' id='line_1_33' title="bbox 221 3831 1276 3888; baseline -0.001 -2"><span class='ocrx_word' id='word_1_255' title='bbox 221 3831 391 3887; x_wconf 84' lang='lat' dir='ltr'><strong>Ottobsuren.</strong></span> <span class='ocrx_word' id='word_1_256' title='bbox 1080 3837 1095 3887; x_wconf 82' lang='lat'><strong>3</strong></span> <span class='ocrx_word' id='word_1_257' title='bbox 1114 3835 1183 3888; x_wconf 80' lang='lat' dir='ltr'><strong>duni</strong></span> <span class='ocrx_word' id='word_1_258' title='bbox 1206 3834 1276 3888; x_wconf 79' lang='grc'>1509.</span> 
     </span>
    </p>
   </div>
   <div class='ocr_carea' id='block_1_4' title="bbox 236 3917 1335 4156">
    <p class='ocr_par' dir='ltr' id='par_1_4' title="bbox 236 3917 1335 4156">
     <span class='ocr_line' id='line_1_34' title="bbox 272 3917 1280 4024; baseline 0.002 -26"><span class='ocrx_word' id='word_1_259' title='bbox 272 3922 398 3999; x_wconf 82' lang='lat' dir='ltr'><strong>Frater</strong></span> <span class='ocrx_word' id='word_1_260' title='bbox 416 3919 594 3998; x_wconf 86' lang='lat' dir='ltr'><strong>Nicolaus</strong></span> <span class='ocrx_word' id='word_1_261' title='bbox 613 3917 799 4022; x_wconf 82' lang='lat' dir='ltr'><strong>Ellenbog</strong></span> <span class='ocrx_word' id='word_1_262' title='bbox 817 3918 1003 4024; x_wconf 77' lang='lat' dir='ltr'><strong>Oapnioni</strong></span> <span class='ocrx_word' id='word_1_263' title='bbox 1021 3924 1189 4000; x_wconf 83' lang='lat' dir='ltr'><strong>salutem.</strong></span> <span class='ocrx_word' id='word_1_264' title='bbox 1277 3976 1280 3985; x_wconf 88' lang='lat'>·</span> 
     </span>
     <span class='ocr_line' id='line_1_35' title="bbox 236 4066 1335 4156; baseline 0.002 -21"><span class='ocrx_word' id='word_1_265' title='bbox 236 4066 429 4137; x_wconf 88' lang='lat' dir='ltr'><strong>Doctissime</strong></span> <span class='ocrx_word' id='word_1_266' title='bbox 452 4069 746 4155; x_wconf 86' lang='lat' dir='ltr'><strong>humanissimeqne</strong></span> <span class='ocrx_word' id='word_1_267' title='bbox 770 4070 827 4136; x_wconf 87' lang='lat' dir='ltr'><strong>vir.</strong></span> <span class='ocrx_word' id='word_1_268' title='bbox 866 4071 985 4156; x_wconf 88' lang='lat' dir='ltr'><strong>Accepi</strong></span> <span class='ocrx_word' id='word_1_269' title='bbox 1007 4069 1121 4138; x_wconf 83' lang='lat' dir='ltr'><strong>literas</strong></span> <span class='ocrx_word' id='word_1_270' title='bbox 1145 4079 1221 4140; x_wconf 87' lang='lat' dir='ltr'><strong>tuas</strong></span> <span class='ocrx_word' id='word_1_271' title='bbox 1235 4091 1304 4139; x_wconf 87' lang='lat' dir='ltr'><strong>sua·</strong></span> <span class='ocrx_word' id='word_1_272' title='bbox 1333 4070 1335 4075; x_wconf 68' lang='grc'>’</span> 
     </span>
    </p>
   </div>
   <div class='ocr_carea' id='block_1_5' title="bbox 150 4174 1304 4264">
    <p class='ocr_par' dir='ltr' id='par_1_5' title="bbox 150 4174 1304 4264">
     <span class='ocr_line' id='line_1_36' title="bbox 150 4174 1304 4264; baseline 0 -23"><span class='ocrx_word' id='word_1_273' title='bbox 150 4174 297 4242; x_wconf 81' lang='lat' dir='ltr'><strong>vissimas</strong></span> <span class='ocrx_word' id='word_1_274' title='bbox 321 4175 415 4242; x_wconf 87' lang='lat' dir='ltr'><strong>officii</strong></span> <span class='ocrx_word' id='word_1_275' title='bbox 438 4181 471 4242; x_wconf 85' lang='lat' dir='ltr'><strong>et</strong></span> <span class='ocrx_word' id='word_1_276' title='bbox 493 4175 709 4242; x_wconf 88' lang='lat' dir='ltr'><strong>humanitatis</strong></span> <span class='ocrx_word' id='word_1_277' title='bbox 732 4175 846 4260; x_wconf 90' lang='lat' dir='ltr'><strong>plenas</strong></span> <span class='ocrx_word' id='word_1_278' title='bbox 869 4197 951 4261; x_wconf 91' lang='lat' dir='ltr'><strong>quas</strong></span> <span class='ocrx_word' id='word_1_279' title='bbox 976 4197 1053 4242; x_wconf 89' lang='lat' dir='ltr'><strong>sane</strong></span> <span class='ocrx_word' id='word_1_280' title='bbox 1070 4176 1185 4244; x_wconf 86' lang='lat' dir='ltr'><strong>Croesi</strong></span> <span class='ocrx_word' id='word_1_281' title='bbox 1201 4177 1304 4264; x_wconf 86' lang='lat' dir='ltr'><strong>opibus</strong></span> 
     </span>
    </p>
   </div>
   <div class='ocr_carea' id='block_1_6' title="bbox 204 4320 1305 4477">
    <p class='ocr_par' dir='ltr' id='par_1_6' title="bbox 204 4320 1305 4477">
     <span class='ocr_line' id='line_1_37' title="bbox 723 4320 741 4360; baseline 0 0"><span class='ocrx_word' id='word_1_282' title='bbox 723 4320 741 4360; x_wconf 75' lang='grc'><em>*</em></span> 
     </span>
     <span class='ocr_line' id='line_1_38' title="bbox 204 4394 1305 4477; baseline -0.004 -13"><span class='ocrx_word' id='word_1_283' title='bbox 204 4408 272 4464; x_wconf 74' lang='lat' dir='ltr'><strong>roe</strong></span> <span class='ocrx_word' id='word_1_284' title='bbox 285 4410 366 4464; x_wconf 79' lang='lat' dir='ltr'><strong>verbo</strong></span> <span class='ocrx_word' id='word_1_285' title='bbox 380 4411 491 4463; x_wconf 80' lang='lat' dir='ltr'><strong>mirifico</strong></span> <span class='ocrx_word' id='word_1_286' title='bbox 505 4412 580 4463; x_wconf 79' lang='lat'>1494.</span> <span class='ocrx_word' id='word_1_287' title='bbox 630 4409 1106 4477; x_wconf 78' lang='lat' dir='ltr'><strong>2Vgl.diebcurerbungs.108u.l.</strong></span> <span class='ocrx_word' id='word_1_288' title='bbox 1155 4394 1305 4465; x_wconf 65' lang='lat' dir='ltr'><strong>aunum}</strong></span> 
     </span>
    </p>
   </div>
   <div class='ocr_carea' id='block_1_7' title="bbox 0 0 1362 4898">
    <p class='ocr_par' dir='ltr' id='par_1_7' title="bbox 0 0 1362 4898">
     <span class='ocr_line' id='line_1_39' title="bbox 0 0 1362 4898; baseline 0 1"><span class='ocrx_word' id='word_1_289' title='bbox 0 0 1362 4898; x_wconf 95' lang='lat' dir='ltr'><strong> </strong></span> 
     </span>
    </p>
   </div>
  </div>
 </body>
</html>
