2716 4898
622 275 664 342 89

58 465 152 533 annis
168 464 404 552 superioribus,
427 470 496 534 tom
520 467 660 537 maxime
684 491 769 537 nunc
790 472 926 555 propter
949 467 1140 554 eloquentiae
1164 471 1231 536 stu·

58 572 149 641 dium
178 580 213 639 et
240 580 403 659 poetarum
426 576 649 642 amoenitatem
672 598 736 643 non
758 574 854 644 modo
878 574 1095 660 negliguntur,
1119 597 1230 641 rerum

60 679 162 745 etiam
185 701 206 745 a
230 680 498 765 quamplurimis
522 685 723 768 contemptui
739 683 913 761 habentur,
937 681 968 744 in
986 687 1126 748 mentem
1142 682 1232 747 venit

59 785 196 850 tandem
219 786 373 870 oportuni
397 809 446 872 cuj
441 787 565 854 usdam
581 789 725 869 remedii,
748 810 789 853 ne
808 792 901 853 sanet
903 807 929 851 ae
887 785 1053 852 tbibliae
1070 787 1170 871 script
1171 806 1231 852 ura

62 889 113 956 vel
138 890 372 976 aliquandoto
355 898 604 978 ottetaperea
571 895 722 960 etsimul
745 894 927 960 animarum
950 913 1008 957 nos
1011 898 1136 957 trorum
1158 912 1232 977 pro·

59 1019 193 1080 gressus
227 1021 300 1065 cum
333 1001 423 1066 suavi
454 1007 551 1067 cantu
516 1000 744 1082 tSirenum,
775 1021 855 1086 quas
878 1019 918 1064 ne
943 997 1076 1081 Ulysscs
1100 998 1231 1082 quidem

59 1103 201 1184 audiret,
231 1104 274 1169 ad
303 1105 422 1172 inferos
452 1106 558 1173 abeat.
606 1107 656 1170 Ad
678 1107 777 1173 istum
799 1111 909 1170 autem
940 1103 1071 1170 modum
1095 1105 1125 1169 ei
1148 1104 1232 1188 peri-

59 1208 135 1274 culo
159 1211 412 1277 succurrendum
435 1213 556 1296 putavi.
603 1212 746 1277 Primum
769 1211 922 1290 emnium,
946 1232 1019 1276 cum
1043 1210 1141 1275 sitin
1164 1209 1231 1276 ani-

13 1306 15 1309 ’
58 1316 123 1381 mis
147 1317 267 1383 nostris
291 1315 414 1404 (nescio
437 1317 639 1402 unde)1nsit
640 1341 693 1384 um
709 1317 820 1382 multtae
836 1316 1008 1383 varietatis
1025 1315 1231 1397 desiderium,

60 1428 189 1506 quot
151 1421 249 1488 fitut
211 1429 380 1489 uttversc
380 1446 420 1489 ur
435 1423 469 1489 in
492 1445 548 1490 ore
564 1423 646 1489 illud
661 1424 829 1507 adagium:
853 1422 979 1488 vilescit
997 1422 1231 1506 quotidianum,

59 1529 126 1593 erit
148 1549 281 1594 necesse
306 1535 447 1595 veterem
464 1536 651 1596 sanctarum
667 1530 837 1595 literarum
854 1527 959 1612 dignit
960 1527 1075 1592 atem
1065 1550 1098 1592 ιιι
1113 1549 1231 1594 novam

57 1634 180 1699 faciem
213 1634 340 1700 Latinis
375 1635 560 1703 hominibus
594 1637 751 1702 hactenus
785 1634 985 1717 incognitam
1020 1635 1160 1715 reverti,
1193 1640 1231 1702 ut

57 1739 162 1805 nimia
197 1740 421 1807 familiaritate
453 1742 651 1826 quotidianae
680 1742 828 1809 lectionis
867 1738 1013 1822 explosa,
1045 1759 1163 1805 novum
1198 1746 1232 1807 et

56 1846 207 1912 nativum
230 1847 264 1911 in
287 1848 395 1913 divina
419 1847 582 1932 scriptura
606 1846 732 1913 dicendi
758 1867 868 1930 genus,
892 1845 988 1930 quale
1013 1866 1048 1910 os
1073 1845 1126 1911 dei
1145 1844 1232 1910 locu-

58 1958 132 2017 tum
163 1957 221 2033 est,
252 1959 380 2019 nosmet
409 1953 473 2038 ipsi
502 1975 566 2020 nou
596 1955 664 2020 sine
696 1952 836 2038 quadam
865 1951 1005 2016 inauditi
1028 1972 1066 2016 ac
1089 1951 1231 2017 recentis

58 2079 165 2142 nuper
188 2059 288 2124 studii
311 2059 527 2125 admiratione
543 2059 835 2144 apprehendamus.
882 2057 971 2122 Tunc
996 2057 1081 2123 enim
1104 2056 1231 2122 tollitur
1274 2086 1276 2090 ⁴

59 2163 203 2229 omnium
235 2164 542 2248 interpretationum
572 2186 740 2232 commune
763 2163 946 2242 fastidium,
978 2183 1050 2229 cum
1080 2162 1136 2228 illa
1158 2163 1232 2246 ipsa

59 2269 181 2334 veteris
206 2272 394 2336 testamenti
417 2270 519 2336 biblia
541 2272 574 2336 in
598 2293 658 2338 sua
680 2270 894 2356 primordiali,
918 2269 978 2334 hoc
1004 2274 1055 2334 est
1078 2267 1232 2333 hebraica

60 2374 182 2458 lingua,
207 2380 240 2440 ιι
263 2375 327 2460 legi
350 2397 371 2442 a
392 2377 514 2442 nostris
539 2383 573 2443 et
594 2378 731 2462 intelligi
753 2377 872 2462 possit:
896 2375 985 2441 haud
1010 2396 1103 2441 secus
1125 2394 1231 2459 neque

59 2482 126 2547 alio
150 2485 251 2563 more,
276 2486 375 2567 atque
399 2483 557 2567 primaria
579 2485 649 2569 ejus
665 2483 826 2549 institutio
851 2502 1012 2546 asummo
1029 2501 1139 2545 rerum
1154 2501 1228 2546 con·

61 2587 169 2653 ditore
198 2587 352 2653 inchoata
382 2587 566 2673 desyderat.
613 2588 705 2668 Quod
736 2589 831 2674 plane
858 2585 929 2652 fieri
952 2586 1082 2670 nequit,
1113 2586 1139 2650 si
1163 2607 1227 2651 non

60 2695 154 2780 prius
170 2693 398 2760 hebraicorum
413 2694 645 2760 vocabulorum
667 2696 902 2780 proprietatem
926 2699 960 2757 et
982 2713 1094 2758 veram
1117 2690 1226 2757 condi-

61 2802 185 2866 tionem
219 2801 394 2880 sermonis,
429 2821 450 2864 a
481 2823 545 2887 quo
579 2801 668 2868 fonte
704 2801 808 2867 omnis
848 2799 1013 2882 theologia
1046 2799 1228 2880 scaturivit,

64 2907 161 2973 avido
190 2912 311 2972 conatu
334 2905 475 2973 libenter
502 2929 723 2992 assequamur.
772 2907 871 2990 Cujus
900 2905 1050 2971 doctrina
1082 2905 1227 2991 quamvis

61 3014 105 3080 sit
126 3012 280 3098 puerilis,
307 3018 417 3078 tamen
446 3014 522 3098 quia
552 3014 703 3080 subtilior
726 3012 875 3098 quaedam
898 3012 1037 3096 cognitio
1061 3033 1159 3097 quam
1192 3031 1245 3077 ea*

60 3120 233 3185 literarum
262 3119 347 3185 ratio
371 3119 445 3198 alit,
475 3119 675 3185 consuetudo
704 3119 866 3184 hebraicae
896 3118 1033 3203 loquelae
1060 3139 1098 3182 ao
1122 3123 1228 3182 vetus-

60 3226 263 3292 tissimorum
286 3224 443 3291 librorum
460 3225 557 3291 lectio
573 3225 689 3291 crebra
705 3223 884 3305 confirmat,
901 3245 941 3289 ex
956 3245 995 3288 ea
1009 3224 1227 3308 praeceptione

61 3334 180 3399 oritur:
205 3352 270 3396 non
285 3335 413 3396 tantum
436 3352 502 3396 non
525 3332 613 3398 venit
636 3330 882 3411 contemnenda,
906 3351 1017 3394 verum
1042 3330 1140 3393 etiam
1156 3335 1226 3393 tan·

62 3460 160 3524 quam
184 3436 328 3504 omnium
350 3437 623 3521 praestantissima
655 3457 718 3501 non
742 3437 854 3516 aliter,
884 3456 981 3520 quam
1004 3433 1100 3498 liberi
1123 3433 1227 3499 nostri

61 3546 205 3611 infantes
230 3542 457 3623 exosculanda,
483 3548 516 3608 et
539 3543 617 3608 totis
641 3541 784 3607 brachiis
808 3540 1035 3625 amplexanda.

151 3649 234 3715 Cum
257 3649 355 3732 igitur
377 3648 540 3714 hebraicae
565 3648 675 3714 bibliae
691 3648 814 3732 passim
829 3649 864 3712 in
879 3646 975 3711 ltaha
990 3645 1229 3730 imprimantur,

63 3778 144 3840 quas
160 3755 225 3820 sibi
241 3754 377 3839 quisque
393 3775 497 3838 pauco
514 3776 578 3820 ιιι
594 3754 733 3819 mercari
748 3753 844 3819 facile
862 3758 977 3837 queat;
1000 3775 1106 3837 neque
1122 3759 1233 3817 tamen

63 3883 101 3928 ex
117 3861 207 3927 omni
223 3859 520 3927 literatissimorum
536 3860 701 3926 hominum
718 3881 852 3925 numero
867 3860 900 3924 in
916 3860 1001 3925 hunc
1016 3879 1119 3944 usque
1145 3858 1230 3923 diem

62 3968 215 4034 inventus
240 3967 283 4032 sit
305 3987 388 4032 unus
410 3967 462 4032 vel
489 3967 568 4032 item
584 3966 678 4046 alter,
703 3967 758 4051 qni
774 3988 834 4050 pro
851 3965 1056 4031 sanctissima
1072 3962 1233 4045 theologia

62 4073 206 4158 linguam
237 4072 426 4138 hebraicam
453 4073 737 4156 grammaticorum
766 4093 857 4137 more
881 4070 1073 4137 Christianis
1105 4067 1234 4133 demon-

62 4185 193 4261 straret,
217 4178 359 4246 fortasse
384 4179 471 4263 quod
486 4178 538 4243 ιιι
561 4184 689 4243 tantum
713 4177 860 4243 laborem
888 4178 1027 4260 majores
1059 4171 1162 4237 nostri
1185 4171 1234 4238 fu-

62 4291 195 4370 gerunt,
228 4285 285 4371 qui
315 4306 417 4370 prope
447 4305 521 4350 mea
544 4285 705 4350 sententia
729 4290 779 4350 est
801 4282 945 4347 infinitus
967 4279 1019 4344 vel
1042 4299 1108 4344 suae
1132 4278 1233 4362 digni·

63 4393 122 4460 tati
144 4398 307 4482 putavere
330 4391 444 4478 impar,
469 4390 566 4476 quod,
589 4390 724 4456 summis
747 4389 929 4455 divinarum
950 4385 1230 4470 humanarumque
