2716 4898
662 281 728 346 286

110 465 150 533 de
181 468 279 536 verbo
314 467 449 537 mirifico
472 469 669 553 Vangiorum
700 467 842 535 antistiti
870 468 1015 552 psalmos
1048 468 1081 536 S.
1109 464 1270 534 Athanasii

105 571 222 639 Iacobo
254 575 386 641 Aurelio
416 573 685 658 Questemhergo,
721 572 907 639 rudimenta
937 573 1097 642 hebraica
1126 572 1271 656 Dionysio

105 676 201 743 fratri
227 701 300 747 meo
335 701 488 764 germano
523 678 705 759 sacerdoti,
739 679 990 746 commentarios
1021 676 1270 763 inpoenitentia

103 782 247 868 psalmos
274 785 444 852 hebraicos
467 786 590 853 Jacobo
620 786 742 868 Lempo
770 784 939 869 theologia
959 783 1111 870 jurisque
1143 781 1268 849 doctori

102 888 197 957 Nunc
224 883 397 982 περιοδικῶς
426 892 470 958 ad
498 913 624 958 summa
654 891 831 957 revertenti
861 889 1030 975 proximus
1060 911 1097 955 es
1129 894 1168 954 tu
1192 885 1271 966 mihi,

102 993 262 1076 Adriane,
286 1004 418 1064 senatus
442 997 611 1082 apostolici
634 998 747 1077 decus,
771 1018 869 1082 quem
892 1002 944 1062 tot
970 995 1044 1062 orbi
1069 994 1190 1074 litera,
1212 999 1269 1058 tam

104 1099 291 1186 frequentes
327 1125 426 1169 musae
456 1104 607 1170 universo
639 1103 883 1184 commendant,
913 1102 996 1168 libet
1033 1101 1122 1168 enim
1153 1099 1268 1184 rehqua

106 1205 225 1277 decora
260 1209 398 1274 nominis
436 1210 484 1275 tui
514 1209 554 1274 iis
593 1208 791 1274 celebranda
840 1208 1026 1293 relinquere
1067 1205 1188 1292 quihus
1227 1209 1270 1293 est

102 1311 339 1380 immortalibus
369 1314 466 1398 digna
500 1314 653 1399 operibus
689 1315 884 1398 eloquentia
942 1312 1112 1379 Gaeterum
1143 1311 1265 1379 suntin

103 1418 205 1485 oculis
228 1420 369 1486 omnium
393 1442 464 1505 qua
486 1419 584 1486 fidem
608 1420 763 1487 doctrine
787 1426 845 1485 tua
869 1418 995 1485 faciunt
1019 1424 1055 1485 et
1078 1440 1139 1504 ego
1154 1416 1265 1502 maguis

102 1526 226 1609 accipio
248 1526 401 1607 testibus,
431 1526 593 1610 impendio
616 1532 650 1591 te
674 1547 737 1591 non
761 1524 989 1591 communibus
1018 1524 1119 1591 modo
1151 1522 1264 1602 studiis,

103 1629 161 1697 sed
183 1631 344 1698 hebraicis
367 1654 494 1717 quoque
519 1633 602 1697 raris
624 1631 689 1697 iilis
713 1630 880 1697 oblectari.

110 1752 114 1757 ’
193 1739 279 1817 Quo,
321 1737 589 1804 excellentissime
628 1737 896 1821 presbyterorum
929 1734 1133 1820 Archegeta,
1158 1733 1262 1800 lihmm

103 1863 201 1926 quem
224 1843 264 1908 de
287 1843 477 1909 accentibus
508 1849 543 1909 et
565 1841 798 1928 orthographia
821 1843 938 1927 linguae
961 1841 1126 1908 hebraicae
1141 1840 1263 1924 inscrip

102 1951 172 2012 tum
195 1947 284 2013 vides
307 1949 368 2014 tibi
391 1969 540 2033 nuncupo
561 1950 580 2013 ¹.

564 2066 648 2124 Liber
666 2066 811 2124 secundus.

190 2156 318 2223 Satisne
352 2159 433 2240 jam,
463 2180 504 2223 an
532 2158 638 2222 minus
670 2154 874 2241 grammatici
911 2152 1023 2221 officio
1056 2153 1090 2220 in
1121 2150 1265 2218 hebraica

102 2260 212 2344 lingua
234 2262 338 2329 functi
362 2265 476 2344 simus,
506 2270 598 2330 tuum
622 2269 691 2328 esto
713 2261 893 2347 judicium,
923 2259 1069 2326 Adriane
1101 2256 1265 2325 cardinalis

98 2369 376 2450 reverendissime,
401 2371 456 2454 qui
479 2375 556 2434 ante
572 2389 674 2434 annos
700 2372 739 2432 12
764 2367 805 2432 de
816 2365 960 2452 judaicis
976 2365 1084 2431 literis
1107 2371 1143 2432 et
1165 2381 1265 2431 esrum

97 2471 130 2534 vi
146 2493 184 2536 ac
200 2480 377 2556 potestate,
394 2482 462 2540 tum
479 2475 520 2541 de
536 2474 707 2559 primitivis
723 2472 930 2552 dictionibus,
945 2471 1033 2537 unde
1050 2469 1159 2537 solent
1168 2473 1265 2536 cetera

97 2576 258 2644 vocabula
273 2579 438 2663 proficisci
461 2581 503 2646 ad
527 2587 707 2647 extremum
732 2580 772 2645 de
796 2583 868 2643 arte
884 2576 1073 2643 literatorie
1096 2593 1265 2661 perquam

99 2678 269 2749 derivandi
292 2706 331 2751 ac
360 2686 547 2752 inflectendi
577 2693 689 2770 partes
713 2684 870 2750 orationis
902 2688 954 2748 est
977 2682 1058 2748 data
1081 2681 1221 2749 facultas
1239 2679 1265 2743 in

97 2783 205 2851 tribus
233 2791 487 2858 rudimentorum
510 2786 695 2858 nostrorum
718 2789 811 2856 libris
837 2778 1126 2874 conscripsimus'
1154 2783 1265 2854 Deinde

96 2887 266 2971 aliquanto
296 2903 370 2980 post
393 2904 538 2981 tempore
567 2918 727 2963 canonum
759 2895 990 2978 experimenta
1012 2900 1048 2960 et
1070 2893 1265 2978 operationes

97 2990 131 3055 in
155 2995 354 3075 psalmorum
384 3009 508 3087 septem
537 3002 781 3068 commentariis
818 2999 1028 3066 absolvimus.
1076 2998 1171 3066 Nunc
1201 3015 1264 3062 vern

94 3097 183 3180 quod
198 3103 262 3167 arti
286 3105 391 3172 adhuc
406 3107 520 3173 deerat
535 3107 575 3174 de
599 3107 789 3174 accentibus
813 3112 847 3173 et
870 3111 961 3172 recte
979 3104 1151 3172 scribendi
1172 3101 1263 3170 modis

94 3203 341 3276 tractavimus.⁸
378 3214 421 3278 Et
443 3214 573 3298 quidem
587 3213 757 3280 ferendum
780 3219 852 3279 erat
873 3211 908 3276 in
931 3211 995 3279 hoc
1011 3232 1162 3279 cessasse
1178 3215 1265 3294 atque

678 3399 694 3438 Ἰ·

171 3519 181 3565 l
203 3518 253 3572 Die
274 3525 396 3594 fulgendo
415 3530 504 3594 stelle,
531 3531 573 3582 dis
593 3546 642 3582 nur
662 3530 703 3581 cin
723 3530 992 3584 inhaltsverssichnis
1011 3531 1061 3585 des
1087 3530 1193 3586 vrerlrss
1210 3525 1264 3597 gibi

97 3597 134 3650 ht
150 3608 330 3672 vusgslsssen.
368 3619 407 3669 An
426 3619 469 3670 dic
487 3620 635 3687 einlaitung
654 3637 714 3670 aum
734 3629 820 3672 ersten
841 3616 957 3673 schiiebt
981 3622 1043 3674 sich
1064 3622 1110 3673 die
1129 3637 1162 3673 sn
1181 3618 1265 3672 Adrisv

94 3689 240 3752 gerichtsts
260 3699 406 3772 sinleitung
425 3723 484 3758 anm
502 3710 612 3759 aweitcn
638 3708 732 3760 buche.
807 3695 974 3775 adnuunt,
1003 3711 1055 3761 vvis
1084 3712 1114 3762 in
1138 3710 1196 3761 dem
1220 3720 1265 3756 vor·

95 3774 240 3831 stehsndcn
266 3789 337 3840 zhblt
358 3793 419 3843 Jcb.
444 3778 565 3846 Secerius
591 3799 616 3847 in
643 3799 727 3846 cinam
754 3800 971 3865 gutgcmeinten,
997 3797 1063 3850 aber
1090 3798 1211 3850 schlecht
1231 3807 1266 3860 pv·

93 3857 228 3926 ¹⁰⁰80¹¹0¹¹
257 3875 431 3943 epigramma,
460 3882 506 3933 dns
529 3885 586 3935 sich
615 3902 656 3936 arn
682 3886 802 3936 schlusse
821 3886 868 3936 des
892 3885 995 3939 buches
1022 3887 1056 3938 dc
1077 3885 1227 3939 accentibus
1246 3885 1265 3930 et

97 3945 288 4020 ⁰¹¹h⁰8f8phia
306 3963 397 4029 findet,
416 3969 558 4022 Rcuchlins
578 3973 664 4024 werke
683 3975 749 4024 iiber
768 3974 814 4025 das
834 3974 997 4026 bebrtiischc
1017 3977 1078 4028 sust

208 4038 254 4092 Jo.
275 4047 396 4104 Secessus
415 4054 576 4111 bauchensis
595 4061 732 4112 literarum
751 4077 886 4114 sacrarum
906 4063 1047 4117 studiosis.

277 4133 328 4195 Qui
347 4144 420 4206 cupit
438 4143 568 4198 habraam
587 4166 645 4200 sese
664 4151 729 4202 duce
749 4165 859 4202 noscere
879 4150 1001 4217 linguam

312 4223 341 4272 In
359 4231 446 4294 capita
464 4234 584 4299 primum,
603 4237 688 4289 biblia
706 4238 812 4290 hebraea
829 4248 914 4290 secet.

277 4307 378 4362 Deinde
397 4318 545 4372 rudimenta
560 4324 667 4388 judaica
686 4326 837 4394 Capnionis,

312 4395 379 4449 Tum
398 4411 496 4474 septem
515 4412 633 4480 psalmos
650 4416 786 4486 expositos
804 4413 916 4484 relegat.
