2716 4898
652 270 715 339 172

96 462 182 531 bono
232 463 313 530 nihil
362 462 440 529 mali
486 461 634 528 accidere
675 481 791 547 posse,
840 480 946 548 neque
991 461 1112 529 virenti
1159 483 1254 551 neque

97 568 260 637 defuncto.

184 676 236 742 lta
258 674 409 742 Socrates
445 674 501 760 qui
536 694 595 738 nec
623 672 850 758 Aristophanis
880 673 1046 754 illusione,
1077 693 1139 740 uec
1164 671 1253 759 Anyti

95 780 295 868 proditione,
320 802 379 846 uec
403 779 506 846 Meliti
529 780 749 860 accusatione,
778 802 838 847 nec
864 779 1011 866 judicum
1041 777 1253 865 peremptione

96 892 262 973 postremo
285 908 345 952 neo
366 885 548 952 invidorum
571 885 712 952 omnium
735 885 879 952 conflata
902 885 1065 952 calumnia
1079 884 1252 969 absorptus,

97 993 157 1058 sed
187 992 289 1059 multo
323 991 426 1076 magis
454 1012 514 1056 sna
543 997 646 1057 morte
677 991 869 1058 immortalis
892 991 999 1058 factus
1035 996 1087 1058 est
1124 990 1172 1057 sic
1198 989 1251 1055 ait:

96 1101 272 1163 ἀποκτεῖναι
315 1097 353 1188 μὲ
390 1087 551 1178 δύνανται,
588 1093 701 1185 βλάψαι
737 1089 770 1163 δὲ
811 1102 844 1164 οὐ
885 1091 1039 1163 δύνανται.
1103 1096 1188 1162 Nam
1222 1102 1248 1160 te

99 1224 204 1288 grreca
232 1224 362 1288 quoque
390 1201 497 1286 legere
528 1207 562 1268 et
588 1202 770 1287 intelligere
801 1203 923 1284 sentio,
950 1209 988 1268 ut
1011 1224 1053 1268 ex
1075 1201 1142 1268 tuis
1163 1223 1247 1268 amu·

96 1309 239 1375 nissimis
270 1308 374 1374 literis
404 1308 525 1393 accepi.
571 1307 658 1374 Vivit
686 1309 786 1393 igitur
811 1311 843 1375 in
866 1315 1022 1374 aternum
1048 1307 1197 1376 Socrates
1221 1314 1248 1373 et

99 1413 280 1498 triumphat
302 1436 375 1479 curn
398 1414 510 1498 glorie,
534 1414 664 1498 quando
680 1413 940 1482 adversariorum
956 1435 1090 1480 suorum
1106 1413 1246 1480 memoria

97 1520 148 1586 vel
178 1520 321 1586 extincta
354 1526 404 1586 est
430 1518 576 1586 funditus
611 1520 661 1586 vel
693 1519 850 1586 scintillat
881 1521 913 1585 in
944 1520 1053 1586 cinere
1077 1541 1151 1586 cum
1174 1519 1245 1604 igno

95 1626 205 1692 minia.
253 1626 360 1705 Quare
383 1631 506 1691 utnon
538 1625 676 1691 sinerem
699 1631 733 1692 te
755 1627 789 1692 in
812 1625 878 1692 tuis
899 1631 1035 1711 propter
1058 1647 1110 1691 me
1141 1626 1173 1691 iu
1193 1645 1247 1690 mo-

96 1732 199 1797 lestiis
222 1731 344 1798 diutius
379 1731 524 1816 torqueri
557 1731 630 1798 istis
663 1733 744 1798 meis
778 1732 829 1815 (nt
860 1731 955 1798 multi
978 1753 1165 1818 quanquam
1194 1750 1245 1794 nou

97 1844 187 1903 recte
210 1839 340 1923 putant)
373 1835 583 1902 incommodis
614 1839 748 1922 exposui
777 1837 836 1903 tibi
868 1839 946 1923 quid
968 1839 1127 1904 sentirem
1150 1837 1188 1903 de
1206 1836 1242 1900 in·

97 1942 244 2008 sidorum
272 1944 383 2028 iniquo
413 1944 446 2007 in
477 1963 528 2008 me
560 1943 668 2009 studio
701 1949 734 2009 et
761 1944 936 2010 execrabili
959 1944 1118 2011 adversus
1141 1943 1242 2009 famam

96 2068 202 2113 meam
225 2048 358 2113 consilio
380 2047 414 2113 in
436 2049 612 2133 perniciem
636 2050 783 2115 veritatis
805 2050 894 2129 inite,
931 2070 995 2134 quo
1019 2048 1246 2134 improbitatem

98 2174 188 2218 suam
218 2154 359 2238 posteris
389 2154 572 2220 incidemnt
594 2156 685 2221 Buxo
709 2162 867 2239 perpetue
896 2155 1148 2221 memorandam.
1190 2153 1246 2218 Nou

99 2260 183 2326 enim
215 2281 254 2324 ea
289 2259 511 2326 detractorum
542 2260 728 2325 immanitas
763 2266 796 2326 et
819 2261 901 2325 tanti
925 2260 1057 2327 sceleris
1081 2261 1133 2327 sui
1154 2258 1248 2326 crude·

96 2367 174 2433 lites
189 2389 241 2433 me
257 2367 313 2452 qui
328 2365 541 2452 probabiliter
556 2388 633 2432 vera
645 2367 760 2450 scripsi
774 2371 807 2431 et
821 2366 959 2433 honeste
968 2365 1127 2447 consului,
1150 2364 1202 2431 sed
1220 2383 1246 2428 se

99 2474 187 2559 ipsos
210 2473 342 2538 taudem
365 2472 484 2538 laedent
507 2473 561 2556 qui
584 2472 668 2538 male
697 2477 935 2557 perverterunt.
972 2473 1041 2555 Ego
1058 2492 1134 2538 vero
1150 2471 1247 2538 beatu

97 2579 227 2645 futurus
251 2600 323 2645 sum
347 2600 440 2663 quern
465 2577 655 2662 persequuti
676 2582 751 2643 suut
766 2583 901 2661 propter
918 2576 1094 2662 justiciam,
1118 2577 1183 2643 sine
1196 2593 1248 2660 qua

97 2685 178 2751 nibil
200 2692 311 2770 potest
334 2706 405 2751 esse
429 2683 602 2749 laudabile.
648 2682 733 2761 Quid
756 2690 864 2748 autem
889 2683 997 2767 potius
1012 2683 1157 2749 sanctius
1178 2698 1249 2747 eme

97 2791 170 2858 fieri
186 2792 314 2877 quando
331 2790 432 2856 statui
447 2790 489 2854 ad
505 2788 601 2854 fidem
627 2794 772 2854 nostram
788 2788 919 2855 Judaeos
934 2809 998 2854 uon
1014 2787 1183 2873 tyrannide
1197 2783 1248 2851 nlla

97 2918 224 2981 repere,
238 2897 297 2962 sed
314 2902 352 2961 ut
363 2897 440 2981 jura
454 2895 572 2975 volunt,
585 2894 771 2979 benigniore
787 2894 960 2962 concordia
977 2895 1097 2961 ducere
1114 2914 1182 2979 quc
1195 2888 1248 2976 qni·

99 3004 173 3068 dem
182 3002 409 3081 concordiam
419 3002 466 3067 cit
475 3001 588 3067 Cicero
600 3004 620 3080 ¹,
635 3022 706 3067 esse
716 3022 780 3066 non
789 3006 899 3085 potest
909 3021 980 3067 cum
992 3000 1065 3068 aliis
1072 3001 1246 3070 adimuntur,

99 3108 172 3173 aliis
199 3107 423 3173 condonantur
446 3108 599 3191 pecuniae.
647 3106 772 3172 Deinde
796 3108 933 3192 aequitas
956 3107 1085 3172 tollitur
1108 3098 1246 3182 omnissi

98 3213 221 3281 babere
249 3236 342 3280 suum
372 3213 489 3298 cuique
519 3233 582 3278 non
615 3211 701 3278 licet.
756 3212 821 3279 Sed
856 3212 923 3277 haec
955 3212 1136 3278 Rhetorum
1162 3208 1246 3277 decla

98 3319 296 3388 mationibus
326 3321 535 3386 committam.
597 3318 689 3383 Nunc
725 3318 765 3384 de
804 3319 973 3384 Ammiano
1010 3317 1197 3384 Marcellino
1223 3308 1248 3377 id

99 3427 159 3494 tibi
189 3425 390 3512 persuadeas
420 3424 531 3503 velim,
565 3422 599 3488 in
637 3423 785 3490 omnibus
816 3445 867 3491 me
902 3425 952 3490 tui
983 3424 1166 3491 studiosum
1185 3419 1249 3487 -iore

100 3554 170 3617 quae
202 3533 358 3598 interesse
389 3536 447 3597 tua
477 3536 535 3596 eut
565 3530 664 3595 etiam
696 3536 729 3595 te
769 3529 851 3596 velle
883 3530 1065 3596 existimem
1096 3529 1155 3597 ubi
1184 3524 1252 3594 edsit

100 3636 249 3703 facultas.
297 3636 360 3702 Sed
389 3636 432 3702 ed
463 3635 625 3702 neminem
655 3636 779 3702 autoris
813 3636 883 3720 ejus
913 3635 1078 3701 volumina
1100 3633 1254 3701 divertisse

98 3743 187 3822 novi,
228 3743 289 3807 nisi
329 3742 371 3807 ad
405 3742 600 3825 Vangiorum
641 3743 830 3825 episcopum
862 3741 895 3806 in
936 3741 1091 3824 praesenti
1124 3747 1256 3825 tempore

98 3847 255 3914 librorum
285 3847 446 3931 hospitem
483 3854 571 3914 certe
601 3869 702 3933 supra
729 3868 826 3931 quam
861 3846 923 3912 dici
955 3852 1055 3932 queat
1083 3852 1228 3913 tenacem
1241 3843 1259 3906 ².

99 3956 143 4020 At
169 3954 237 4019 illic
263 3953 416 4038 ponderis
445 3953 524 4018 nibil
554 3953 689 4020 hebebit
710 3953 900 4019 intercessio
924 3973 998 4019 mea
1023 3954 1173 4038 quamvis
1195 3949 1261 4018 olim

678 4128 698 4164 tl·

173 4237 184 4282 l
205 4230 309 4299 Cicero]
329 4232 372 4282 off.
393 4232 477 4291 2,·18.
551 4235 566 4280 2
587 4230 699 4281 Biscbot
715 4247 766 4281 von
781 4233 887 4280 Worrns
908 4245 962 4279 war
975 4228 1108 4280 Reinhard
1129 4230 1155 4281 11
1174 4244 1198 4278 r.
1212 4227 1267 4293 Rip·

97 4334 155 4387 pur,
173 4321 283 4370 errrltlrlt
305 4323 371 4371 1603
392 4323 425 4372 29
445 4322 522 4399 Aug„
539 4321 679 4397 resigniert
702 4323 776 4380 1⁶23,
796 4319 916 4385 [lutburg
936 4333 990 4368 wur
1011 4319 1080 4369 1503
1101 4321 1135 4369 28
1153 4316 1210 4370 dull
1228 4330 1267 4395 go·

99 4409 215 4468 etorbeu.
1053 4415 1056 4421 '
