2716 4898
654 302 717 368 331

99 486 144 553 ris
167 490 203 552 51
224 485 388 569 impensa,
412 481 553 568 mihique
577 480 744 550 aSunrmo
767 479 922 551 Pontifice
938 480 1179 565 demandatum,
1202 483 1269 559 tuis

98 590 259 659 vetuisset
280 588 450 661 desideriis
474 589 681 670 satisfacere,
706 591 857 674 quoniam
881 611 944 656 non
967 589 1036 655 sine
1060 612 1132 657 meo
1154 613 1270 676 magno

96 696 302 763 incommodo
326 694 417 781 (dum
436 695 571 760 Talmud
589 702 639 761 est
662 696 873 779 inmanibus)
897 695 984 780 quod
1013 697 1134 779 rogasti
1157 704 1270 782 posset

97 802 256 888 expediri.
303 803 400 868 Hoc¹
435 809 544 866 tamen
577 823 659 867 nunc
688 802 791 867 solum
824 801 867 867 ad
895 801 935 866 de
970 802 1121 881 mittitur,
1143 802 1269 889 reliqua

97 930 175 975 uero
202 908 294 985 alias,
319 908 386 973 Deo
420 907 527 983 dante,
563 908 762 972 commodius
787 907 996 973 excudentur.
1043 908 1136 975 Nunc
1158 916 1268 977 autem

98 1015 248 1098 ingratus
272 1019 306 1078 et
328 1012 521 1078 inhumanus
545 1012 623 1079 mibi
642 1013 760 1092 uidear,
778 1014 840 1079 nisi
863 1021 954 1080 tuum
970 1035 1095 1092 nomen,
1111 1020 1268 1098 quantum

97 1120 128 1184 in
152 1140 205 1184 me
229 1124 295 1198 est,
319 1119 494 1183 aeternitati
516 1118 735 1185 mandandum
760 1141 879 1198 curem,
903 1127 949 1199 ut,
973 1118 1060 1204 quod
1083 1120 1148 1184 tuis
1168 1120 1269 1203 jussis

97 1232 240 1310 coeptum
265 1231 323 1303 est,
347 1225 411 1289 tuis
428 1224 536 1302 etiam,
561 1227 706 1309 quamvis
723 1225 824 1292 multo
847 1226 957 1310 plnres
980 1247 1018 1291 ac
1042 1227 1182 1309 majores
1204 1246 1270 1290 me·

98 1333 211 1410 rearis,
235 1329 386 1397 laudibus
410 1329 608 1396 absolvatur.
633 1331 733 1409 Quem
751 1331 835 1396 enim
852 1332 1021 1414 patiuntur
1045 1338 1108 1395 tuae
1132 1330 1269 1397 virtutes

97 1436 356 1522 praclarissimae
379 1443 471 1502 tuum
504 1436 632 1501 silentio
664 1459 779 1502 nomen
809 1437 1075 1521 praetermittere,
1105 1458 1203 1521 quum
1226 1436 1268 1502 de

98 1543 238 1610 hebraeis
262 1543 439 1626 graecisque
464 1542 576 1621 literis,
601 1551 638 1608 nt
661 1543 726 1611 late
753 1549 859 1626 patet,
884 1543 928 1607 sis
951 1540 1063 1606 adeo²
1097 1540 1178 1606 beno
1202 1562 1268 1606 me-

97 1649 198 1728 ritus,
230 1648 317 1733 quod
349 1648 471 1732 justius
500 1647 564 1712 dici
593 1655 687 1731 potes
722 1649 794 1714 aliis
826 1655 940 1725 natus,
972 1667 1070 1731 quam
1102 1645 1162 1710 tibi
1195 1646 1267 1730 ipsi.

96 1755 180 1821 Nam
203 1754 342 1820 alienam
366 1761 430 1819 tuae
460 1775 589 1838 semper
617 1754 792 1820 utilitatem
827 1752 1009 1837 praetulisti,
1033 1759 1090 1816 tua
1114 1750 1198 1816 enim
1222 1751 1269 1817 in-

96 1860 224 1926 dustria
248 1859 375 1943 tuisque
399 1858 513 1941 vigiliis
538 1859 640 1924 multa
671 1859 833 1944 perutilia,
868 1879 938 1942 qua
963 1878 983 1922 a
1007 1862 1093 1922 tetro
1117 1855 1267 1922 tenebra-

96 1988 166 2031 rum
192 1987 323 2031 carcere
347 1964 592 2044 claudebantur,
624 1966 657 2030 in
689 1966 793 2031 lucem
826 1964 1025 2048 prodierunt,
1057 1984 1159 2049 eaque
1183 1984 1268 2029 nunc

98 2072 222 2156 ubique
254 2071 404 2136 ridentur
436 2077 469 2136 et
502 2071 700 2137 lectitantur.
752 2071 831 2152 Sed,
860 2091 924 2155 quo
955 2069 1144 2156 progredior
1172 2070 1267 2136 nimis

99 2176 217 2256 audax,
242 2183 317 2244 tuas
341 2175 416 2243 dum
448 2187 547 2243 oonar
578 2175 692 2243 laudes
722 2198 885 2255 enarrare,
918 2176 1079 2254 deterens,
1109 2196 1190 2260 quas
1213 2198 1268 2242 ne-

98 2283 175 2349 dum
192 2281 312 2348 Fabius
335 2281 389 2347 ille
413 2281 662 2348 facundissimus
685 2306 719 2350 se
737 2291 885 2368 speraret
902 2281 1149 2366 explicaturum.
1176 2281 1266 2349 Vale.

99 2388 244 2454 Venetiis
268 2409 352 2453 nono
376 2387 448 2457 lial.
474 2387 605 2454 Octobr.
634 2395 727 2455 1521.

186 2498 263 2556 Aust
288 2516 329 2553 =
353 2498 460 2556 Psalmi
484 2499 528 2556 ed.
554 2499 698 2572 Bomberg
724 2501 825 2559 Venet.
855 2500 934 2558 1521
962 2497 1024 2560 bei:
1043 2516 1084 2554 =
1100 2495 1266 2571 Christopb.

96 2601 196 2664 Wolfii
220 2602 392 2662 bibliotheca
415 2603 539 2664 hebraea.
587 2605 738 2680 Hnmburg
756 2609 793 2664 17
799 2608 850 2678 33,
868 2605 923 2664 vol.
942 2603 990 2676 lV,
1007 2621 1030 2663 s,
1051 2605 1112 2665 142
1131 2620 1174 2679 sq.

613 2807 734 2874 cosli.
889 2851 905 2885 „

167 2895 307 2963 Stuttgart.
1013 2896 1046 2947 25
1068 2898 1130 2947 Dec.
1154 2896 1229 2946 1521.

95 2982 308 3058 Clarissimo
326 2983 589 3083 jurisconsulto
618 2999 654 3060 51
678 2987 792 3087 equiti
816 2998 963 3061 strenuo
983 2986 1027 3060 D.
1054 2983 1268 3086 Gregorio³

94 3108 327 3209 Lamparter,
355 3135 378 3181 a
404 3107 711 3210 Greyphenstein,
733 3109 858 3185 Caroli
877 3108 1032 3186 Caesaris
1051 3111 1127 3210 ejus
1146 3108 1265 3183 nomi-

93 3232 150 3306 nis
174 3230 230 3327 V,
259 3231 468 3306 oonsiliario
497 3232 592 3306 inter
619 3234 759 3333 primos
786 3235 1021 3333 dignissime,
1053 3233 1204 3308 domino
1230 3244 1266 3304 et

94 3354 1265 3452 lllccoenatiinsigniterobservando,dohannesReuchlinPhor·

431 3479 547 3551 cerinis
568 3479 642 3551 LL.
666 3479 770 3552 Doct.
791 3505 819 3551 s.
841 3479 876 3552 d.
897 3508 933 3579 p.

183 3623 256 3690 Etsi
278 3647 360 3691 unus
385 3646 424 3692 ex
448 3626 596 3692 omnibus
627 3626 691 3691 tuis
722 3625 748 3690 is
772 3647 841 3690 sum
867 3626 922 3711 qui
951 3625 1024 3710 plus
1048 3624 1174 3690 caeteris
1197 3622 1266 3715 olfi-

93 3730 278 3797 ciossimam
311 3731 342 3794 in
380 3731 547 3815 republica
578 3731 720 3814 gerenda
761 3733 1058 3816 magnanimitatem
1093 3737 1183 3796 tuam
1213 3731 1266 3796 cui

92 3856 219 3901 summa
242 3836 461 3920 Imperialium
486 3858 594 3902 rerum
619 3836 764 3902 creditur
780 3836 922 3903 admirer
946 3843 979 3902 et
1002 3835 1192 3916 collaudem,
1217 3841 1266 3901 ta·

675 3984 691 4020 ss

168 4077 176 4122 l
203 4071 271 4138 Hoc]
291 4070 406 4123 1111111511
427 4072 469 4121 die
483 4072 609 4139 psalmon.
666 4079 680 4124 2
701 4072 741 4124 Ad
761 4089 791 4123 eo
813 4074 891 4125 Wolf.
953 4077 968 4124 3
990 4071 1262 4139 Gregorbamparter,

90 4160 151 4226 geb.
168 4161 193 4209 in
203 4160 330 4210 biberaob
350 4163 424 4220 1463,
438 4162 464 4209 in
476 4162 616 4228 'Filbingeu
628 4161 753 4227 gebildet,
768 4161 823 4212 rath
838 4162 883 4212 dor
896 4159 1163 4226 wurtembergisohen
1173 4160 1264 4225 grafan

90 4247 144 4298 und
159 4247 280 4312 baraogo,
300 4253 387 4314 splttar
400 4249 456 4300 rath
473 4251 661 4312 Maximilians,
681 4250 753 4301 starb
773 4251 799 4300 in
816 4249 954 4316 Nlirnborg
971 4252 1045 4300 1523.
1072 4250 1149 4300 Scine
1164 4248 1261 4314 thang-

88 4335 146 4385 teir
165 4335 208 4386 bai
228 4336 274 4386 der
294 4329 497 4404 nioderbaltung
516 4339 561 4388 des
581 4338 831 4389 baueruaul'stauds:
860 4339 905 4388 der
931 4353 1002 4388 arma
1021 4338 1109 4388 Kunta
1132 4341 1200 4388 1514
1225 4339 1259 4388 ist

87 4424 292 4494 buuptsttobliolr
312 4425 435 4479 bekannt.
473 4426 557 4479 ddum
576 4428 639 4480 rita
656 4427 909 4481 durcoonsultorum
928 4426 1007 4487 neit.
1030 4429 1110 4497 1620,
1129 4443 1151 4479 ι.
1173 4430 1206 4484 26
1224 4443 1264 4501 sq.
