2790 4882
667 269 711 344 62

111 463 251 549 differre,
276 486 462 554 quanquam
479 465 574 552 plura
597 488 725 552 semper
748 468 790 535 ad
806 474 839 534 te
854 468 993 534 fuissent
1007 464 1188 536 scribenda.
1212 462 1278 537 Sed

110 575 251 641 nondum
268 592 445 658 compares.
478 573 620 658 Ideoque
635 592 763 657 possem
788 595 846 658 ego
870 594 995 639 omnem
1019 574 1148 658 culpam
1170 595 1277 641 meam

111 681 144 746 in
180 686 213 746 te
248 678 437 767 transferre.
482 679 585 746 Velim
617 701 692 764 ergo
723 680 782 746 tibi
810 679 1019 764 persuadeas,
1049 701 1154 746 meam
1178 680 1221 746 ad
1244 686 1277 746 te

113 785 276 854 scribendi
303 783 531 871 negligentiam
554 790 588 850 et
610 790 700 851 tuam
722 785 800 852 item
824 785 867 852 ad
897 807 956 852 nos
988 784 1146 851 redeundi
1176 784 1278 851 tardi·

100 880 224 973 tatem,
247 898 401 976 tanquam
424 891 518 975 paria
542 889 662 956 delicta
693 898 808 958 mutua
828 891 899 958 fore
932 891 1193 975 compensatione
1216 891 1278 957 tol·

112 996 218 1079 lenda,
243 1018 427 1083 quanquam
444 1017 502 1081 ego
518 996 648 1062 minime
664 994 889 1077 dubitaverim,
913 1002 946 1062 te
969 1018 1032 1062 non
1056 997 1125 1063 sine
1147 997 1276 1081 urgenti

112 1104 238 1170 ratione
263 1102 350 1168 domi
374 1103 538 1168 continere
561 1103 671 1185 potius
694 1123 791 1187 quam
814 1101 984 1168 hincinde
1008 1102 1128 1186 vagari.
1175 1101 1277 1186 Spero

112 1214 222 1275 tamen
250 1214 446 1293 sperantqus
480 1207 556 1292 quin
588 1207 685 1272 immo
714 1213 748 1273 et
770 1212 886 1290 optant
909 1213 942 1272 et
965 1206 1162 1291 desydorant
1183 1206 1277 1273 multi

112 1298 171 1380 alii
191 1320 225 1379 te
247 1312 422 1397 aliquando
446 1312 539 1378 nobis
562 1318 755 1396 praesentem
778 1312 936 1391 futurum,
960 1318 998 1378 ut
1020 1334 1076 1378 ore
1100 1313 1143 1378 ad
1166 1334 1202 1378 os
1225 1334 1279 1378 ne-

112 1419 201 1504 gotia
238 1422 350 1484 mutuo
388 1419 473 1484 inter
507 1439 567 1484 nos
598 1417 727 1502 agenda
758 1439 818 1503 pro
849 1423 924 1484 voto
954 1424 1088 1501 possent
1122 1417 1276 1503 expediri.

115 1523 233 1608 Sperat
256 1527 290 1591 et
311 1523 345 1589 id
368 1523 515 1590 Andreas
530 1523 699 1607 theologus
722 1529 834 1589 noster
858 1524 913 1608 qui
937 1525 1056 1590 totiens
1072 1529 1162 1589 tuam
1185 1528 1279 1607 optat

115 1629 335 1714 praesentiam,
365 1630 513 1714 quotiens
545 1650 580 1695 se
614 1629 761 1695 meminit
792 1650 863 1695 esse
895 1627 1056 1695 infirmum
1087 1649 1126 1694 ae
1155 1627 1278 1695 nullum

114 1735 200 1820 apud
224 1755 259 1802 se
282 1730 403 1800 habere
426 1733 584 1800 medicum
609 1755 629 1800 a
653 1757 716 1819 quo
739 1735 878 1818 recipiat
901 1733 1110 1815 medicinam,
1134 1733 1196 1800 hoo
1220 1739 1279 1814 est,

114 1841 169 1925 qui
192 1841 224 1905 in
241 1837 444 1924 philosophia
460 1861 568 1905 seeum
584 1862 687 1925 usque
704 1841 736 1905 in
757 1840 932 1906 secundam
948 1845 1006 1905 aut
1027 1840 1159 1905 tertiam
1175 1840 1279 1906 noetis

114 1945 256 2030 vigiliam
278 1951 436 2029 perpetuo
466 1965 575 2011 secum
606 1944 857 2030 disputationem
888 1948 1068 2024 continuet,
1102 1946 1196 2030 eique
1224 1943 1280 2011 ad·

116 2056 272 2116 versetur.
317 2050 410 2116 Nunc
433 2050 517 2115 enim
541 2051 634 2117 dicit:
658 2051 714 2117 ubi
731 2057 781 2117 est
796 2051 952 2117 Reuchlin
975 2072 1048 2117 cum
1065 2073 1122 2116 suo
1138 2051 1279 2116 instans:

114 2157 238 2222 utinam
262 2153 401 2222 adesset.
448 2156 520 2222 Jam
545 2178 621 2223 vero
645 2158 693 2223 tui
723 2156 859 2241 cupidus
889 2163 941 2223 est
969 2163 1006 2222 ut
1030 2178 1101 2221 eum
1134 2177 1172 2222 eo
1196 2177 1281 2221 com·

116 2260 372 2327 misseratiouem
402 2259 524 2327 habeas
552 2261 638 2328 illius
662 2261 763 2328 totius
794 2263 897 2328 nostri
931 2261 1031 2327 seculi
1054 2263 1187 2347 ejusque
1212 2267 1280 2327 tam
1301 2273 1306 2296 ¹

115 2363 309 2432 miserabilis
333 2371 455 2447 status,
488 2387 625 2452 eumque
649 2367 797 2446 audires,
821 2388 892 2433 sese
914 2367 1003 2433 ultra
1031 2367 1062 2432 in
1086 2366 1146 2432 hoc
1170 2365 1279 2433 seculo

115 2472 245 2537 minime
268 2492 463 2537 mansurum.
502 2471 584 2550 Quin
607 2475 704 2538 immo
729 2495 806 2538 mox
829 2472 893 2538 sibi
916 2473 958 2538 ad
974 2473 1123 2538 Scbonau
1143 2475 1152 2511 ¹
1178 2492 1285 2539 suam·

118 2599 182 2663 que
213 2572 279 2643 illie
310 2574 545 2644 habitationem
577 2600 647 2644 esse
679 2577 918 2657 divertendum,
952 2584 1009 2643 ant
1034 2578 1149 2644 saltem
1183 2577 1284 2643 semel

117 2683 253 2750 eandem
269 2700 340 2750 ease
356 2681 398 2747 ab
416 2704 453 2747 eo
470 2682 670 2748 visitandam.
694 2685 811 2750 Pastor
826 2689 967 2768 praetera
985 2684 1017 2747 in
1035 2682 1186 2749 Steinach
1204 2682 1284 2767 quid

116 2787 165 2854 tui
187 2792 282 2872 egeat
303 2787 422 2854 nescio.
447 2787 569 2872 Saepius
585 2794 695 2854 tamen
720 2794 810 2855 tuam
827 2789 1014 2855 diuturnam
1029 2787 1211 2854 absentiam
1228 2787 1284 2853 do-

116 2892 186 2958 lens
209 2893 354 2959 miratur.
400 2893 522 2959 Praesul
545 2895 623 2960 item
647 2902 758 2961 noster
781 2901 814 2960 et
849 2894 1077 2977 Vangionum²
1107 2893 1224 2959 nedum
1248 2900 1282 2959 te

118 2996 292 3082 desyderat
314 2996 481 3064 nobiscum
505 3020 589 3078 esse,
620 2999 732 3065 sedin
757 2999 825 3064 dies
849 3006 986 3065 conatur
1009 2999 1150 3065 invenire
1174 2998 1284 3065 media

118 3102 236 3187 quibus
257 3108 290 3168 te
314 3100 451 3169 reducat
475 3104 517 3169 ad
541 3126 591 3185 se,
615 3111 652 3170 ut
675 3105 757 3171 etsi
780 3110 812 3170 te
828 3109 986 3188 perpetuo
1003 3125 1112 3168 secum
1136 3105 1282 3170 detinere

117 3228 181 3274 non
204 3207 316 3293 possit,
340 3208 456 3274 saltem
479 3215 511 3275 te
535 3215 734 3294 praeceptore
757 3231 817 3292 per
846 3208 928 3272 hauc
960 3207 1106 3292 hyemem
1138 3208 1283 3274 futuram

118 3320 239 3382 utatur.
286 3314 524 3399 Constituitque
547 3316 640 3381 uxori
663 3320 727 3379 tuae
750 3319 786 3378 ut
809 3332 999 3377 consensum
1021 3317 1154 3395 praestet
1177 3320 1284 3378 trans-

117 3420 246 3486 mittere
270 3420 456 3504 propediem
479 3418 660 3504 plaustrum
689 3417 754 3482 vini
778 3416 861 3482 boni.
908 3416 955 3481 Tu
985 3417 1111 3481 interea
1134 3415 1284 3485 delibera

118 3524 197 3610 quid
219 3524 280 3590 tibi
304 3524 346 3590 sit
369 3524 563 3592 faciundum.

208 3629 271 3698 Sed
293 3636 331 3696 ut
352 3631 392 3697 de
416 3631 550 3716 reliquis
573 3636 708 3709 mosam,
734 3627 811 3714 quid
835 3630 939 3697 credis
970 3630 1010 3696 de
1033 3649 1084 3694 me
1108 3628 1177 3712 ipso
1201 3650 1283 3695 nun-

118 3734 197 3821 quid
228 3757 268 3802 ne
297 3757 355 3820 ego
386 3735 576 3821 desyderem
609 3740 700 3800 tuum
732 3734 885 3802 festinum
908 3737 1102 3803 adventum?
1130 3734 1281 3800 Profecto

118 3841 235 3908 merito
257 3841 292 3908 id
315 3840 448 3908 credere
464 3839 573 3922 debes,
597 3860 655 3925 ego
679 3841 762 3907 enim
778 3848 898 3927 praeter
921 3848 953 3909 te
976 3842 1137 3908 neminem
1152 3839 1281 3908 habebo

119 3947 234 4016 saltem
251 3945 440 4028 chariorem,
464 3945 520 4030 qui
542 3951 653 4013 nostro
676 3967 765 4014 more
789 3969 914 4014 mecum
938 3949 971 4013 in
994 3947 1130 4014 multam
1153 3953 1281 4014 noctem

696 4103 712 4145 tl

194 4199 204 4251 l
226 4193 348 4251 hinnulae
366 4189 489 4264 gedichte
508 4210 555 4248 aus
570 4192 646 4262 jener
666 4195 718 4248 aeit
736 4212 768 4248 un
782 4192 827 4250 abt
844 4193 897 4250 und
916 4165 1026 4249 mduche
1046 4193 1072 4248 iu
1086 4194 1208 4249 schonau
1228 4210 1280 4250 aon

120 4284 204 4342 Adam
220 4287 345 4339 Warnher
363 4285 406 4337 bei
421 4286 506 4348 Mona,
526 4285 781 4353 quellensammlung
800 4301 846 4339 aur
863 4286 923 4341 bad.
943 4285 1126 4352 laudesgescb.
1139 4287 1176 4337 111
1188 4285 1282 4355 (186³)

120 4392 141 4431 ι.
166 4377 213 4426 158
233 4375 273 4431 bis
296 4376 352 4426 164.
427 4378 441 4425 2
461 4373 587 4443 Dalburg.
