2716 4898
696 278 738 347 18

128 474 162 536 et
181 469 347 555 propriam
371 476 405 535 et
431 489 524 536 suam
547 475 581 536 et
603 484 709 555 qnam¹
724 469 806 536 alias
830 470 1053 557 multipliciter
1075 471 1197 539 babent
1210 472 1301 539 mihi

128 596 168 640 ex
190 576 275 641 bono
299 582 333 641 et
356 595 449 660 aequo
472 575 653 642 tradituris.
699 573 792 654 Quod
816 597 856 641 ns
885 577 918 641 in
942 577 1094 643 damnum
1110 578 1170 644 tibi
1194 579 1300 645 tuisve

126 681 230 765 possit
244 702 377 765 vergere
393 681 472 747 facit
487 682 630 749 tenuitas
646 680 747 746 libelli
763 703 802 747 ac
827 703 936 747 rerum
960 682 1053 766 copia
1076 685 1299 770 sermonisque

126 808 190 872 quo
207 786 348 872 scriptus
365 792 456 852 extat
472 787 578 852 aliena
593 787 828 871 peregrinaque
845 787 1067 866 commoditas,
1085 809 1159 853 nam
1175 811 1299 872 graeous

126 899 176 959 est
192 915 256 977 qua
271 893 381 976 lingua
404 893 521 957 nedum
538 892 669 958 Basilea
693 892 809 972 omnis,
836 914 947 958 verum
967 894 1063 959 etiam
1081 899 1151 959 tota
1167 896 1299 980 quidem

124 998 299 1064 Germania
314 1020 377 1064 non
394 999 506 1065 utitur.
546 999 594 1063 Ea
609 1018 737 1083 quoque
754 999 787 1061 in
803 1019 902 1064 causa
918 998 1073 1083 quiequid
1093 1021 1152 1083 per
1183 1005 1216 1065 te
1241 998 1299 1066 fiet

124 1104 159 1169 id
191 1105 265 1189 jure
295 1104 418 1188 optimo
447 1103 511 1169 fiet.
557 1103 753 1189 Intelligenti
781 1102 840 1168 tibi
867 1104 983 1189 loquor
1013 1103 1296 1170 confidentissime.

146 1227 147 1231 ’
214 1209 362 1292 Legavit,
384 1216 421 1274 ut
441 1208 540 1288 nosti,
562 1207 654 1274 bonae
674 1209 901 1287 memoriale.
918 1209 1133 1293 Rhagnsaens,
1159 1210 1189 1275 S.
1207 1210 1300 1293 Syxti

127 1315 308 1381 Cardinalis
336 1313 463 1379 libellos
490 1313 673 1398 hujusmodi
702 1313 857 1398 graeculos
880 1314 1040 1380 Jacobitis
1064 1315 1297 1382 Basiliensibus

126 1441 207 1505 quos
235 1420 262 1485 si
291 1419 433 1484 alienare
463 1426 662 1502 praesumant
684 1439 780 1503 poena
805 1424 896 1485 extat
920 1420 1075 1503 adjuncta
1098 1414 1188 1485 utin
1213 1441 1297 1486 com-

125 1525 257 1592 missum
282 1524 342 1590 tibi
366 1524 493 1589 cadant.
531 1524 613 1590 Tota
634 1545 732 1589 causa
752 1523 820 1590 haee
841 1531 907 1590 est:
932 1524 1117 1590 defensione
1133 1547 1197 1591 non
1215 1533 1296 1609 eget,

125 1631 345 1697 controversia
375 1635 474 1695 caret.
529 1628 712 1695 Gratificari
745 1635 778 1695 te
807 1630 885 1695 mibi
914 1652 1009 1714 posse
1040 1651 1150 1695 omnes
1179 1630 1297 1696 intelli·

124 1741 217 1820 gunt,
247 1742 284 1801 tu
308 1758 382 1801 vero
399 1734 539 1800 omnium
563 1734 717 1815 maxime,
749 1735 804 1819 qui
832 1736 901 1818 ipse
925 1735 1131 1801 doctissimus
1154 1757 1189 1800 es
1208 1736 1296 1820 jure-

125 1864 187 1927 que
222 1841 322 1906 facies
355 1842 384 1905 si
413 1841 502 1906 volis.
552 1841 595 1904 Et
627 1840 715 1905 voles
748 1840 775 1905 si
808 1839 887 1925 quid
920 1840 962 1905 sit
995 1840 1139 1904 amicitia
1174 1842 1295 1923 cogites

124 1946 331 2030 animumque
356 1967 432 2029 erga
459 1951 492 2011 te
516 1966 621 2011 meum
646 1946 734 2010 etin
757 1951 849 2011 tuum
873 1946 1104 2012 monasterium
1135 1945 1294 2012 sinceram

124 2050 327 2117 affectionem
355 2073 460 2116 meam
487 2050 679 2134 perpendas.
730 2050 761 2116 ls
796 2050 880 2116 enim
903 2049 1039 2117 affectus
1071 2057 1122 2116 est
1151 2051 1294 2117 omnium

124 2158 264 2250 optimus
298 2162 330 2220 et
361 2156 586 2238 integerrimus
618 2163 852 2242 promptusque
885 2157 912 2222 si
945 2157 1023 2242 quid
1054 2158 1130 2222 mihi
1165 2163 1292 2241 gratum

124 2262 309 2328 commodas
334 2262 375 2326 ad
399 2262 620 2327 indesinenter
642 2262 961 2347 recompensandum.

213 2368 374 2433 Fortassis
388 2368 470 2452 ajes:
495 2367 637 2452 legatum
655 2377 712 2448 est,
738 2389 866 2434 sacrum
880 2373 937 2433 est.
962 2365 1197 2434 verumtamen
1215 2368 1291 2453 quid

123 2474 214 2539 tum?
245 2474 287 2538 Et
307 2472 477 2539 Hieremiae
498 2472 617 2539 librum
638 2473 758 2558 templo
780 2473 922 2539 dicatum
944 2473 1093 2539 consules
1110 2474 1205 2557 Regis
1228 2496 1292 2539 non

123 2579 240 2664 injuria
261 2601 301 2644 ex
321 2580 391 2662 ipso
416 2578 652 2664 Gazophylaoio
675 2579 884 2663 desumpsere
904 2579 914 2617 ¹
939 2585 972 2645 et
995 2579 1030 2643 B.
1047 2578 1139 2644 Pauli
1157 2579 1170 2617 ²
1193 2600 1291 2644 suasu

124 2684 224 2750 libros
248 2706 356 2749 secum
379 2684 649 2770 membranasque
670 2685 857 2750 Timotheus
880 2685 1049 2767 congessit.
1089 2683 1290 2768 Tarquynius

124 2812 251 2874 quoque
269 2790 432 2873 Superbus
455 2791 617 2873 quondam
640 2811 699 2856 rex
722 2811 742 2856 a
764 2791 863 2855 Sacra
886 2788 1009 2874 Sibylla
1031 2789 1061 2854 S.
1079 2789 1209 2854 Fatales
1230 2790 1290 2854 Ro·

123 2916 290 2960 manorum
315 2895 415 2959 libros
439 2916 501 2959 aere
526 2895 652 2960 eobmit.
694 2896 827 2980 Semper
843 2895 933 2962 aliud
955 2896 987 2960 in
1004 2894 1067 2959 alio
1092 2895 1160 2977 ejus
1184 2915 1288 2960 causae

122 3001 372 3087 haudquaquam
398 3002 552 3086 injustum
575 3002 645 3068 fuit.
685 3002 813 3067 Etenim
836 3022 946 3066 amens
963 2998 1041 3064 mihi
1064 3000 1222 3084 principio
1247 2999 1288 3064 vi-

122 3108 211 3187 dear,
235 3108 278 3172 mi
294 3114 399 3191 pater,
423 3107 484 3172 nisi
500 3108 560 3174 hoc
580 3108 712 3192 sapiam.
752 3129 847 3192 quem
873 3128 971 3190 penes
996 3106 1217 3171 commissoris
1240 3111 1288 3170 est

120 3235 192 3279 eam
215 3213 305 3278 illum
329 3213 482 3280 abdicare
505 3213 681 3299 aliquando
704 3234 799 3296 posse
824 3234 894 3277 cum
918 3211 1010 3277 lubet
1025 3211 1201 3294 amicisque
1217 3232 1287 3294 gra·

120 3315 237 3384 tificari
264 3319 334 3382 Divi
359 3319 497 3385 Severus
521 3324 554 3384 et
577 3318 757 3383 Antoninus
781 3317 1028 3401 rescripserunt.
1068 3316 1102 3381 Si
1125 3317 1197 3401 quis
1217 3337 1287 3381 veo

120 3423 198 3508 tigal
227 3446 290 3489 non
319 3424 450 3490 solverit
477 3424 537 3490 hoc
560 3423 757 3489 concedente
786 3422 958 3506 publicano
983 3426 1019 3486 ut
1042 3421 1148 3487 solent
1178 3421 1285 3487 facere

118 3551 171 3595 res
195 3531 227 3594 in
252 3531 456 3596 commissum
479 3550 542 3595 non
567 3529 692 3595 cadere.
739 3529 848 3595 Verba
870 3529 942 3612 ipsa
964 3526 1044 3609 legis
1067 3532 1143 3592 sunt
1165 3526 1285 3591 ultima

14 3619 15 3622 Ἴ
119 3635 159 3702 de
183 3637 369 3702 commissis.
416 3636 532 3720 quibus
556 3636 729 3701 edocemur
747 3634 813 3718 juri
838 3655 896 3699 nos
920 3632 1139 3699 commissario
1170 3638 1285 3717 sponte

117 3749 230 3807 nostra
260 3743 449 3807 renunciare
474 3763 537 3807 non
565 3740 739 3825 prohiberi.
779 3746 812 3805 et
835 3738 922 3823 apud
938 3738 1213 3803 consultissimum
1230 3737 1285 3803 Ju-

115 3847 236 3914 lianum
274 3848 393 3931 legitur
430 3848 463 3913 id
496 3846 583 3932 quod
617 3854 691 3931 post
722 3847 903 3929 Imperator
936 3851 1092 3929 sequutus
1126 3843 1212 3908 datis
1243 3842 1285 3908 ad

114 3953 307 4019 Praefectum
341 3954 495 4018 Praetorio
526 3952 644 4018 litteris
676 3952 850 4016 insinuavit
880 3951 996 4035 cuique
1020 3949 1118 4014 licere
1141 3949 1181 4013 iis
1213 3956 1284 4033 quae

114 4083 172 4146 pro
190 4083 223 4126 se
240 4060 372 4125 inducta
396 4064 471 4124 sunt
487 4058 684 4123 renunciare.
725 4059 775 4122 Ita
792 4063 827 4122 tu
844 4079 971 4142 quoque
987 4056 1019 4119 in
1036 4054 1282 4139 praesentiarum

112 4189 150 4232 eo
175 4189 307 4232 munere
338 4165 566 4230 commissoriae
590 4164 720 4229 mulctae
744 4161 917 4229 decoratus
942 4161 1021 4245 quid
1045 4160 1190 4227 obstabit
1216 4181 1279 4246 quo

691 4309 707 4342 u

183 4410 195 4453 l
219 4409 245 4458 2.
265 4405 355 4461 Manu,
377 4405 429 4456 anf.
503 4410 517 4454 2
537 4400 624 4470 Pauli]
646 4404 669 4452 ¹2.
688 4399 756 4452 Tim.
776 4403 800 4464 4,
824 4399 862 4450 13.
