2716 4898
697 267 742 330 44

141 460 244 525 rimus
273 459 436 543 quondam
465 463 626 542 pugnator
655 480 726 523 cum
756 458 887 542 optimis
914 458 1133 522 certatoribus
1164 457 1305 523 Pirithoo

143 566 296 648 Dryante,
320 564 448 643 Caeneo,
474 564 678 649 Polyphemo,
702 564 890 648 Theseoque
918 565 925 599 ¹
951 583 1065 627 manus
1089 569 1305 629 conseruerat.

143 670 350 753 Quapropter
372 669 458 734 idem
482 670 512 733 in
538 670 681 733 exercitu
704 669 778 752 plus
802 669 928 733 caeteris
945 676 978 732 et
994 668 1126 734 consilio
1151 669 1253 744 valuit
1275 675 1307 733 et

142 775 312 859 sapientia.
344 774 489 859 Cumque
505 776 622 838 iterum
639 775 681 838 ad
697 775 826 858 Trojam
842 795 977 856 maguus
992 775 1142 839 mittetur
1157 773 1307 854 Achilles,

141 881 259 945 iterum
275 900 347 944 mea
364 880 528 945 sententia
543 879 730 944 consulendi
743 885 818 944 sunt
830 900 893 944 non
905 878 1060 944 Thersitae
1073 880 1130 944 sed
1142 879 1306 945 Nestoras.

230 984 429 1050 Admirabile
451 983 633 1050 hominibus
656 985 765 1051 videre
788 987 896 1070 potuit
925 991 957 1049 te
987 985 1086 1049 talem
1114 986 1217 1050 virum
1240 990 1307 1050 tam

141 1098 309 1156 strenuum
333 1090 434 1155 armis
457 1111 552 1174 quam
579 1089 682 1156 literis
706 1091 836 1156 doctum
854 1111 894 1154 ex
909 1090 963 1153 illo
981 1090 1162 1156 Dmoadum
1180 1091 1193 1130 ²
1209 1111 1307 1176 pyrgo

118 1197 175 1262 =id
209 1203 260 1262 est
290 1195 471 1279 puellarum
501 1216 587 1273 arce,
618 1217 715 1280 quam
751 1196 924 1278 hlaidburg
955 1203 1071 1261 vocant
1102 1197 1307 1279 processisse,

142 1301 261 1385 (Graeci
284 1322 411 1385 nanque
435 1301 599 1366 Dmoadas
615 1302 784 1386 appellant
798 1300 924 1385 puellas
939 1301 1121 1380 ancillares,
1145 1323 1227 1386 quas
1243 1323 1308 1366 ser-

141 1429 235 1473 mone
259 1407 430 1472 remaculo
453 1428 513 1491 per
535 1396 715 1490 aphaeresin
740 1429 797 1472 seu
826 1406 950 1471 Endian
974 1407 1080 1490 prima
1110 1407 1207 1472 litera
1236 1405 1308 1472 sub

140 1513 209 1578 lata
224 1513 310 1578 bleid
327 1512 470 1591 dicimus,
495 1519 529 1577 et
543 1534 665 1597 pyrgon
682 1512 827 1597 burgum,
852 1511 951 1576 veluti
966 1533 1067 1596 pyxos
1084 1509 1214 1597 buxus.)
1244 1511 1307 1576 Ita-

123 1640 204 1709 ,que
234 1626 270 1684 ut
297 1618 443 1697 redeam,
476 1617 667 1683 admirabile
700 1619 807 1701 potuit
838 1618 964 1681 senatui
994 1616 1178 1701 populoque
1208 1616 1307 1683 videri

141 1724 239 1789 talem
263 1724 405 1808 legatum
429 1723 489 1789 abs
512 1723 652 1807 quadam
676 1723 857 1807 puellarum
882 1723 957 1787 aula
980 1722 1114 1786 missum
1130 1744 1211 1803 esse,
1232 1743 1307 1808 qua·

141 1852 209 1894 rum
234 1831 340 1894 Venus
364 1829 407 1894 sit
430 1829 505 1909 dea,
529 1850 592 1894 non
616 1830 714 1894 Mars.
760 1831 803 1893 nt
827 1829 1008 1894 meminisse
1033 1826 1216 1893 debuerant
1238 1828 1307 1893 Bel·

142 1934 248 1998 lonam
272 1935 304 1998 in
329 1940 437 1999 vatum
461 1934 600 2006 oraculis
623 1956 686 1999 uno
710 1935 909 2018 cognomime
939 1933 1076 1999 Pallada
1100 1933 1306 1999 Minervalem

141 2039 218 2117 dici,
248 2039 335 2105 haud
359 2040 427 2105 sine
452 2040 605 2123 prudenti
628 2041 795 2124 mysterio:
827 2039 914 2124 quod
942 2040 1046 2104 virum
1070 2039 1188 2104 fortem
1211 2045 1306 2124 atque

141 2166 320 2230 pugnacem
348 2166 412 2210 non
436 2145 539 2210 solum
562 2145 696 2211 robusto
720 2168 832 2212 serum
862 2147 959 2210 etiam
990 2145 1077 2209 culto
1109 2165 1247 2228 corpore
1270 2165 1306 2209 ac

141 2258 249 2316 mente
272 2251 453 2335 perspicaci
476 2250 591 2316 deceat
614 2273 694 2317 esse.
740 2253 778 2317 Id
801 2260 838 2316 tu
861 2251 943 2316 nolis
967 2250 1061 2315 velim
1085 2250 1182 2314 ahter
1211 2259 1306 2334 atque

141 2357 212 2441 ipse
236 2357 392 2422 senserim
415 2356 563 2440 accipere
587 2378 646 2440 pro
669 2358 767 2422 animi
792 2356 917 2422 scilicet
940 2356 988 2421 tui
1007 2354 1153 2422 bonitate
1169 2354 1307 2421 liberali·

46 2466 56 2492 ⁴
142 2468 291 2547 tateque;
315 2467 442 2528 tantum
465 2469 502 2527 ut
525 2482 700 2546 cognoscas
724 2468 838 2546 optare
862 2483 912 2527 me
936 2462 969 2525 in
992 2460 1143 2526 amicitiae
1166 2467 1233 2526 tuae
1255 2481 1306 2545 pe·

142 2567 281 2633 netralia
301 2588 463 2634 secessum
486 2568 542 2633 ire.
583 2567 720 2646 Quodsi
745 2568 911 2663 rescriptis
936 2567 983 2631 tui
1007 2588 1138 2632 sensero
1162 2587 1222 2650 ego
1242 2565 1305 2650 qui-

143 2673 216 2738 dem
240 2680 327 2738 recte
352 2672 475 2752 valebo,
499 2680 533 2739 et
555 2674 662 2758 tuipse
686 2673 905 2758 quamoptime
926 2672 1036 2737 valeas
1059 2678 1145 2755 opto.
1185 2673 1235 2737 Ex
1249 2672 1305 2737 Tu·

143 2777 240 2862 binga
264 2778 374 2844 Idibus
398 2778 486 2844 Julii.
532 2779 624 2845 Anno
651 2785 744 2845 1495.

236 2887 360 2947 l=0.
384 2884 610 2975 u.e.c8bd⁸;
636 2895 654 2949 2
677 2891 806 2950 :da
830 2886 1026 2960 e.diibiii⁸;
1053 2887 1305 2948 3=C.v.e.ll

143 2994 192 3053 fol,
213 2998 278 3052 222²·
291 2988 321 3066 b;
348 2999 367 3051 4
386 3015 428 3046 =
444 2995 565 3070 Muller,
589 2997 863 3071 reichstagstheater
878 3002 964 3055 anter
980 2996 1160 3055 Maximillam
1176 2997 1190 3054 l
1207 3012 1229 3053 s.
1249 2997 1302 3054 551

144 3101 208 3176 (mit
223 3099 364 3160 manchon
380 3099 588 3161 uillldtrlichen
605 3102 813 3177 anderungenl.

215 3361 366 3427 l‘ttbiugen.
708 3275 742 3338 L·
1066 3365 1098 3411 25
1116 3361 1174 3412 lull
1199 3363 1273 3412 1495.

142 3461 168 3533 J
170 3486 307 3534 oannes
326 3459 509 3533 Bouchlin
527 3459 744 3533 Phorcensis
765 3459 800 3534 S.
823 3461 866 3533 D.
906 3460 933 3534 J
934 3458 1047 3532 oanni
1066 3484 1110 3531 ex
1129 3458 1246 3558 Lupis
1265 3456 1306 3530 de

143 3582 423 3681 Hermansgritn
437 3583 476 3655 in
491 3582 797 3682 splendidissimis
810 3583 958 3683 Imperii
972 3582 1130 3654 Romani
1146 3580 1304 3654 Comitus

326 3705 427 3805 apud
446 3705 659 3804 Vangiones
679 3707 815 3779 oratori
834 3705 1122 3803 Maiilburgensi.

232 3868 273 3934 Ni
295 3868 451 3935 memoria
473 3875 617 3935 tenerem
643 3893 660 3936 e
685 3869 768 3936 binis
792 3871 857 3935 tuis
880 3869 985 3934 literis
1006 3873 1167 3952 perpetua
1189 3889 1240 3933 me
1256 3865 1306 3931 ob·

142 3976 291 4041 strictum
313 3974 384 4058 lege
408 3995 470 4040 non
495 3982 623 4041 tautum
647 3976 816 4060 diligendi,
841 3997 952 4040 verum
977 3975 1075 4038 etiam
1098 3973 1231 4037 amandi
1254 3970 1306 4048 tui,

220 4183 227 4225 1
252 4177 309 4240 Vgl.
330 4177 391 4226 llias
411 4179 443 4239 ll,
463 4181 513 4228 435
534 4179 558 4227 tl'.
579 4179 621 4241 Vl,
642 4182 674 4228 ss
694 4111 804 4240 ffivll,
821 4178 1002 4239 laaff.,v111,
1022 4180 1054 4225 8u
1071 4179 1095 4226 tt'.
1113 4184 1162 4225 ete.
1231 4181 1244 4223 2¹
1266 4173 1306 4221 Di·
1327 4237 1329 4241 Α

144 4264 257 4314 noudum
282 4273 332 4315 stc.
353 4266 393 4315 fur
414 4266 560 4316 Dmoadum
581 4278 630 4316 etc.
654 4274 675 4317 1,
696 4272 772 4317 unter
790 4267 839 4316 den
866 4274 950 4314 errata
973 4281 1013 4313 arn
1041 4263 1105 4314 ende
1125 4264 1170 4313 der
1196 4260 1306 4327 ausgabo

144 4353 291 4420 angelhbrt.
