2716 4898
648 301 711 368 167

90 491 275 577 simplicem
304 491 531 572 innocentiam,
564 490 619 576 qui
648 512 719 557 sum
742 489 893 571 traditus,
922 512 994 558 sum
1017 491 1176 572 venditus,
1199 512 1262 558 non

89 597 317 679 commonitus,
349 619 413 664 non
435 597 607 682 praevisus,
637 599 729 683 cujus
757 596 925 662 consilium
958 598 1097 681 principi
1125 595 1259 662 offeren-

90 702 172 768 dum
212 708 263 768 est
291 703 492 786 publicatum
528 708 704 788 antequam
743 701 897 768 oblatum.
949 703 1032 768 Eum
1070 702 1263 769 traditorem

90 808 308 888 sediciosum,
336 815 370 874 et
399 809 524 874 notorie
547 809 700 875 infamem
724 807 1006 888 calumniatorem,
1030 808 1096 893 qni,
1121 806 1261 874 comsit

90 913 227 981 Judaeus
249 913 448 997 baptizatus,
479 921 513 980 et
539 915 641 980 laicus
669 915 860 999 conjugatus
890 918 1005 979 contra
1028 935 1079 978 me
1104 912 1261 979 Christia-

90 1041 170 1086 num
202 1019 364 1086 bominem
393 1019 516 1086 famose
546 1019 748 1104 praedicavit,
785 1018 969 1085 coadunata
1008 1017 1258 1103 congregatione

89 1123 236 1191 fidelium
249 1123 488 1191 Francofordiae
514 1128 533 1206 ¹,
558 1126 751 1209 contemptis
776 1114 921 1190 eeclesiae
943 1124 1105 1190 mandatis
1129 1130 1162 1189 et
1185 1144 1258 1189 con·

91 1229 330 1311 stitutionibus,
360 1251 434 1296 oum
464 1230 641 1315 suspitione
673 1229 798 1295 reditus
821 1229 864 1295 ad
887 1230 1042 1296 vomitum
1059 1230 1088 1309 ²,
1120 1250 1175 1294 vos
1200 1251 1257 1294 nu-

91 1337 180 1402 tritis
204 1335 320 1401 fovetis
344 1342 378 1402 et
400 1334 551 1416 laudatis,
576 1336 631 1422 qui
655 1340 822 1402 emunotos
846 1340 880 1400 et
903 1336 1122 1420 emungendos
1145 1334 1259 1420 grandi

91 1441 231 1527 pecunia
253 1440 384 1506 Judaeos
406 1440 439 1505 in
461 1440 527 1506 ista
549 1447 618 1506 tam
640 1439 812 1507 favorabili
836 1461 934 1505 causa
965 1441 1094 1524 scriptis
1126 1441 1259 1506 notavit.

91 1549 235 1613 Putasne
270 1548 399 1631 piarum
429 1547 557 1612 aurium
586 1568 649 1613 non
674 1546 773 1612 luerit
796 1544 998 1625 offensivum,
1029 1546 1115 1631 qnod
1148 1568 1200 1612 me
1229 1548 1262 1611 in

91 1652 234 1719 verbulis
264 1652 459 1738 quibusdam
483 1674 599 1737 capere
628 1652 755 1718 conaris
779 1657 812 1716 et
840 1650 1035 1716 detestanda
1067 1672 1168 1734 opera
1198 1673 1261 1716 non

90 1758 310 1825 abomineris?
354 1757 557 1824 decederent
578 1759 657 1824 item
679 1764 756 1842 post
778 1777 909 1822 manum
934 1755 1073 1821 validam
1096 1759 1201 1840 po'e‘tae
1226 1763 1260 1822 et

91 1864 248 1944 historici,
273 1884 408 1948 quorum
431 1863 491 1928 hoo
514 1869 659 1948 tempore
684 1884 799 1948 magna
815 1862 909 1946 eopia
926 1862 1011 1942 vivit,
1037 1862 1092 1946 qui
1108 1883 1159 1927 me
1177 1884 1260 1946 prae·

91 1978 258 2055 ceptorem
283 1968 446 2055 quondam
469 1990 572 2050 suum,
595 1976 632 2035 ut
654 1991 715 2054 par
739 1974 797 2049 est,
821 1973 1026 2048 venerantur,
1052 1967 1107 2052 qui
1130 1972 1256 2033 tantam

91 2075 298 2160 iniquitatem
312 2073 573 2140 adversariorum
582 2081 749 2160 perpetuae
763 2074 932 2140 traderent
947 2074 1111 2140 memoriae
1122 2079 1155 2139 et
1168 2073 1258 2139 iuno·

92 2185 205 2268 center
228 2201 359 2271 passum
382 2201 434 2244 me
458 2179 680 2247 describerent
710 2203 783 2247 cum
806 2180 951 2246 aetherna
974 2179 1131 2265 gymnasii
1154 2179 1254 2245 vestri

90 2285 274 2371 ignominia.
320 2285 404 2370 Lege
421 2285 565 2374 Minoem
576 2287 721 2353 Platonis
746 2294 779 2352 et
801 2286 945 2352 invenies
961 2307 1039 2351 vera
1062 2306 1113 2350 me
1135 2284 1255 2350 dicere.

91 2391 194 2476 Igitur
221 2389 287 2456 noli
315 2412 387 2457 esse
412 2392 520 2477 justus
544 2392 653 2472 nimis,
682 2391 798 2458 nedem
822 2391 936 2457 caelum
965 2390 1106 2470 tuearis,
1135 2396 1260 2456 terram

93 2497 235 2562 amittas.
282 2495 400 2562 Thales
421 2496 565 2564 Milesius
589 2498 702 2564 caelum
725 2498 854 2582 aspexit
878 2502 911 2562 et
933 2497 966 2560 in
986 2495 1113 2561 foveam
1130 2495 1259 2562 cecidit.

92 2602 165 2666 Filii
188 2602 292 2668 Israel
316 2601 518 2669 Sabbatbum
548 2603 600 2668 dei
624 2604 847 2670 custodierunt
870 2608 903 2668 et
933 2599 1019 2666 bello
1048 2601 1218 2685 perierunt
1234 2600 1255 2665 ³.

94 2706 202 2774 Habet
232 2707 366 2792 justicia
393 2708 513 2792 gradus
544 2730 628 2776 suos.
679 2710 773 2775 Hune
805 2705 998 2774 versiculum
1031 2728 1113 2791 puer
1144 2706 1259 2772 didici:

95 2811 263 2899 Glimpfius
287 2820 338 2880 est
361 2813 463 2898 pluris
487 2836 584 2899 quam
607 2821 678 2881 tota
701 2815 836 2882 scientia
856 2813 955 2880 Juris.
1004 2812 1084 2880 Vale
1099 2812 1262 2893 foeliciter,

95 2918 135 2984 ad
165 2941 282 3004 pacem
312 2920 446 3004 pronior
479 2942 576 3006 qnam
605 2921 648 2986 ad
681 2919 838 3005 superbas
862 2917 1100 2998 contentiones,
1124 2940 1261 3003 quarum

97 3030 228 3092 autores
259 3025 369 3091 multis
398 3046 484 3110 saepe
504 3018 742 3093 innocentibus
771 3032 847 3092 sunt
869 3025 966 3091 caedis
991 3024 1126 3091 occasio.
1174 3024 1262 3090 Stat·

96 3132 214 3216 gardiae
240 3131 329 3197 51d.
353 3130 500 3198 Martias.
524 3133 584 3197 An.
611 3137 706 3197 1512.

182 3241 346 3304 Gedrnckt:
368 3248 381 3302 l
400 3264 442 3296 =
455 3244 483 3304 J.
500 3261 526 3303 v.
544 3259 569 3302 e.
586 3260 603 3302 r
619 3237 656 3301 lb
673 3255 717 3317 se,
737 3247 754 3302 2
774 3263 814 3296 =
831 3241 1043 3315 Majus1.1.p.
1062 3242 1261 3302 341bis343.

620 3427 741 3494 CXLV.

165 3516 253 3567 Wien.
1018 3515 1034 3562 5
1053 3511 1127 3577 April
1151 3512 1227 3562 1512.

395 3587 524 3664 Simon
551 3588 685 3662 Lanius
712 3614 761 3661 an
788 3584 970 3662 Reuchlin

191 3739 246 3804 Rs
277 3734 504 3821 angenspiegel
544 3737 587 3806 ist
626 3759 686 3804 von
722 3736 803 3818 ihm,
850 3756 912 3801 von
944 3733 1084 3801 Thomas
1120 3733 1224 3801 Resch
1240 3735 1264 3816 ⁴,

686 3883 704 3922 *

167 3981 177 4026 1
200 3961 273 4027 iiber
291 3974 363 4026 diese
386 3975 490 4042 predigt
510 3974 685 4026 Pfefferkorns
713 3979 727 4024 7
749 3974 820 4041 Sept.
845 3976 909 4026 1511
935 3972 990 4040 vgl.
1011 3972 1141 4024 Renohlin
1161 3987 1182 4022 e.
1204 3972 1264 4023 255.

94 4070 108 4116 2
128 4065 196 4116 (lum
214 4064 360 4130 suspitione
378 4063 477 4115 reditus
497 4063 530 4115 ad
542 4061 678 4129 remitum]
699 4061 769 4114 kann
793 4060 929 4113 vielleiebt
946 4062 1035 4113 niobts
1054 4061 1148 4112 andere
1160 4056 1265 4122 beiden,

93 4153 132 4204 ale
159 4152 225 4216 „eui
240 4151 299 4203 dem
318 4152 364 4203 der
383 4151 510 4203 verdaoht
528 4151 597 4214 ruht,
623 4167 654 4201 nn
672 4152 730 4201 dem
754 4150 922 4202 verleseenen
946 4149 1063 4217 glauben
1088 4149 1155 4217 [dem
1170 4147 1264 4212 judeu-

92 4240 175 4308 thum]
194 4241 453 4292 aurdohauhehren“.
491 4239 667 4291 Bahanntlieb
691 4256 745 4290 war
763 4244 850 4307 spitter
870 4246 944 4290 unter
967 4239 1016 4289 den
1035 4237 1200 4288 humanieten
1220 4237 1266 4287 der

93 4329 192 4396 glenbe
210 4330 246 4378 im
265 4328 439 4395 allgemeinen
454 4328 604 4391 verbreitet,
623 4328 685 4378 dass
698 4328 862 4379 Plefferkorn
876 4327 972 4378 wieder
984 4327 1056 4377 dude
1068 4325 1208 4393 geworden
1218 4325 1265 4377 sei.

93 4422 109 4480 3
130 4416 249 4476 aaut.
271 4422 294 4489 2,
313 4420 355 4476 38.
423 4425 438 4472 4
458 4418 553 4483 Reeeh,
575 4418 690 4477 Thomas
709 4417 768 4493 (mit
786 4417 846 4479 dem
866 4416 1004 4475 beinemea
1018 4414 1203 4490 Velocitate),
1230 4415 1265 4470 iet
