2716 4898
619 273 684 338 353

63 462 206 528 Galliam
230 462 501 549 Germaniamque
525 465 708 548 peragrari3
736 486 757 529 a
780 486 904 532 summo
927 466 1107 532 animarum
1131 467 1235 551 ponti-

62 567 125 634 fice
150 568 192 634 ad
216 591 375 635 summum
401 569 510 634 mundi
534 569 712 650 dominnm3
737 571 893 636 Romaiu
919 571 1093 656 Sequanos.

157 673 220 740 Sed
241 681 311 739 tum
332 674 409 760 quid
431 675 471 740 de
493 674 597 742 literis
620 676 652 741 in
674 675 780 742 medio
798 678 985 744 armorum?
1009 678 1049 744 de
1065 676 1186 743 Phoebo
1201 677 1235 742 in

62 787 177 845 ventre
202 779 340 845 Martis?
371 779 411 846 de
435 781 590 848 Helicone
614 783 646 848 in
670 785 807 849 castris?
846 784 919 849 Dixi
943 783 1072 869 quidem
1102 804 1234 849 causam

62 893 170 965 tuam,
194 885 241 949 uti
259 886 403 950 Venetiis
420 907 529 952 coram
546 889 677 972 egimus,
702 889 782 953 ἀλλά
803 891 833 953 τί
855 889 918 964 ὄνος
941 891 1012 980 πρὸς
1032 891 1138 980 hripum
1161 888 1234 955 Non

62 989 154 1057 delui
170 992 248 1076 quin
269 1013 337 1055 rem
361 1014 487 1058 omnem
511 993 554 1059 ad
576 995 731 1079 quosdam
753 995 853 1061 etiam
879 996 991 1062 doctos
1012 995 1155 1062 deferam
1176 995 1232 1081 qui

61 1097 127 1162 sibi
143 1102 210 1161 tum
228 1097 423 1164 ridebantur
439 1099 594 1165 columnae
611 1122 697 1180 esse,
721 1101 779 1166 sed
805 1101 891 1167 nosti
907 1101 1130 1168 Germaniam:
1154 1122 1233 1183 nun-

62 1224 162 1287 quam
187 1203 284 1268 desiit
309 1225 379 1270 esse
404 1205 503 1270 rudis.
543 1206 588 1271 Mi
613 1206 703 1287 alde,
724 1207 840 1292 'paucis
856 1192 953 1274 habe:
978 1228 1041 1273 non
1064 1227 1175 1272 sumus
1199 1212 1232 1271 te

62 1309 161 1391 digni,
200 1309 313 1393 Neque
337 1317 445 1376 tamen
477 1319 527 1377 est
548 1313 675 1380 animus
704 1298 863 1398 deinceps
890 1314 1066 1398 anegocio
1093 1331 1232 1389 cessare,

62 1436 137 1480 cum
155 1414 265 1480 videro
282 1417 438 1499 temporis
454 1419 743 1501 opportunitatem.
766 1420 840 1484 ¹Jarn
858 1420 943 1485 enim
958 1441 1016 1484 rex
1032 1418 1135 1502 majus
1151 1437 1232 1501 opus

61 1526 180 1600 movet,
191 1521 341 1604 ignobilis
352 1523 519 1605 cujusdam
530 1524 614 1608 vulgi
627 1523 727 1589 fluctu
741 1525 833 1610 qnasi
845 1525 1024 1590 decumano
1034 1522 1202 1589 obruimur
1211 1523 1230 1585 ¹.

153 1626 200 1691 De
231 1626 350 1692 libellis
380 1626 423 1691 ad
454 1650 504 1693 me
536 1630 642 1695 missis
667 1630 679 1668 2
711 1630 814 1695 habeo
845 1629 905 1696 tibi
937 1629 1101 1695 relaturus
1132 1626 1231 1693 etiam

60 1739 173 1814 gratas
197 1733 334 1815 gratias,
359 1733 417 1798 sed
441 1736 495 1818 qui
520 1735 664 1820 quotidie
688 1757 747 1821 pro
771 1718 1032 1802 incumbentibus
1056 1733 1122 1800 tuis
1144 1732 1231 1798 curis

61 1837 165 1903 multa
197 1858 305 1903 versas
336 1840 457 1918 animo,
494 1849 582 1907 certe
614 1841 736 1913 oblitus
766 1863 801 1907 es
831 1840 1016 1908 defectuum
1046 1837 1231 1905 Aristotelis

62 1946 94 2008 in
125 1944 240 2009 ultimo
270 1945 431 2011 volumine
463 1969 543 2031 quos
575 1953 611 2012 tu
641 1947 719 2012 mihi
749 1947 901 2031 supplere
931 1947 1144 2032 promiseram
1173 1963 1229 2010 cos

64 2074 128 2118 ore
142 2059 176 2117 te
196 2051 403 2116 vehementer
426 2051 609 2137 bibliopolae
631 2053 704 2118 huic
726 2061 938 2136 cognomento
954 2050 1078 2119 Rem0⁸
1099 2047 1228 2128 tradas3

60 2158 211 2244 equidem
241 2180 389 2223 mancum
414 2164 448 2222 et
477 2179 618 2240 egenum
637 2158 800 2243 impendio
829 2181 900 2224 meo
924 2180 998 2224 cum
1021 2159 1147 2242 integro
1171 2174 1228 2220 suo

59 2265 263 2330 commutavi.
304 2265 410 2348 thue
426 2263 644 2330 reminiscaris
660 2264 715 2350 qui
731 2265 797 2330 sint
812 2263 965 2344 defectus,
981 2260 1230 2345 chirographum

59 2379 152 2436 tuum
169 2369 244 2434 huic
261 2369 405 2452 epistolae
421 2369 555 2452 adjunxi
564 2369 587 2433 ⁴.
620 2370 668 2435 Tu
689 2392 740 2434 me
761 2390 860 2454 quam
880 2368 1230 2435 commendatissimum

58 2476 183 2541 babeas
200 2482 234 2540 et
250 2475 359 2539 valeas
381 2474 520 2539 feliciter
540 2482 626 2559 opto.
665 2476 716 2539 Ex-
730 2474 957 2559 Heydelberga
972 2473 1111 2540 Palatini
1127 2471 1230 2538 Rheni

60 2587 79 2645 9
96 2581 161 2647 kal.
180 2582 282 2666 majas
298 2581 387 2663 (nam
404 2587 467 2646 tuae
484 2580 526 2645 ad
542 2601 593 2646 me
609 2587 768 2646 venerunt
792 2587 808 2645 7
826 2578 890 2645 hal.
906 2601 974 2664 apr.
991 2579 1004 2618 ⁵
1033 2599 1117 2644 anno
1137 2581 1233 2643 1499..

258 2680 260 2685 ⁴
431 2686 573 2752 Joannes
597 2685 752 2753 Reuchlin
778 2685 981 2771 phorcensis,
1005 2685 1037 2750 ll.
1061 2683 1183 2750 doctor.

150 2799 329 2872 Autograph‚
346 2797 413 2856 sehr
429 2804 480 2871 gut
495 2797 658 2856 erhaltencs
674 2792 834 2870 folioblatt,¹
844 2795 918 2856 ohne
934 2795 1032 2869 siegel.
1071 2783 1230 2855 Biblioteoa

56 2904 256 2980 ambrosiana,
283 2904 346 2963 cod.
366 2904 389 2962 Ε
407 2906 447 2962 36
465 2902 527 2976 int,
545 2902 595 2961 fol.
618 2904 668 2962 18.

239 3162 242 3169 .
565 3091 723 3161 Lxxlva.

132 3183 167 3248 (t)
1078 3181 1194 3251 (recor)

104 3272 270 3347 Joannes
290 3270 484 3368 Reucblin,
505 3270 543 3345 in
563 3269 878 3372 metamorphosin
897 3270 996 3346 Petri
1015 3267 1187 3346 Bolandi.

222 3427 366 3478 Hesiodum
385 3425 518 3492 quondam
537 3426 621 3477 Muses
639 3428 723 3478 fecere
741 3432 854 3494 poetam,

272 3515 323 3578 Qui
342 3515 399 3567 sino
417 3513 538 3566 doctrino
556 3519 646 3580 pastor
666 3513 744 3565 ovilis
761 3520 824 3565 erut.

137 3681 148 3727 l
170 3677 221 3743 Dio
240 3675 392 3728 Schweizer.
429 3675 474 3726 lch
496 3674 563 3726 habe
587 3613 670 3726 schhn
694 3673 722 3724 in
747 3673 792 3724 der
811 3673 879 3725 oben
897 3673 1040 3725 berhhrteu
1058 3672 1230 3741 abhandlung

57 3764 158 3816 darent
176 3765 354 3815 ausmerksam
377 3765 510 3830 gemacht,
534 3763 594 3814 dass
617 3762 747 3815 Reuchliu
770 3761 812 3813 die
834 3761 1030 3829 misstimmung
1052 3761 1096 3813 der
1118 3760 1230 3829 librigerr

59 3854 228 3904 humanisten
252 3868 335 3919 gagen
354 3852 395 3902 die
415 3851 559 3903 Schweiaer
577 3852 662 3903 theilt.
731 3855 744 3901 2
765 3850 872 3901 Welche
890 3849 988 3901 betchar
1006 3848 1061 3901 dies
1079 3864 1175 3910 waren,
1194 3847 1229 3901 ist

58 3937 136 3991 nicht
160 3939 285 3991 bekannt.
323 3939 505 3990 Vermuthlich
529 3939 576 3990 hat
595 3939 678 3991 Aldus
705 3939 746 3990 die
771 3937 836 3989 bitte
860 3938 886 3989 in
910 3937 1006 3989 betrcff
1027 3936 1073 3989 der
1090 3934 1238 3990 iehlsnden‘

58 4028 157 4078 bltttter
181 4028 225 4078 des
247 4028 400 4079 Aristoteles
424 4028 528 4089 erfllllt3
555 4033 643 4094 sptter
667 4026 782 4078 schreibt
801 4042 840 4079 er:
869 4041 948 4093 opera
966 4023 1117 4076 Aristotelis
1136 4038 1196 4090 ques
1213 4039 1236 4074 a·

58 4115 138 4166 nobis
157 4132 261 4181 quoquo
280 4116 360 4166 babes
379 4115 447 4166 obcn
466 4132 487 4166 s.
508 4120 551 4167 77.
619 4117 634 4167 3
654 4115 706 4167 Μίι·
724 4115 760 4166 ist
779 4113 863 4166 dieser
881 4111 1071 4175 buohhltndlcm
1091 4110 1135 4162 der
1153 4117 1228 4163 const

61 4219 115 4253 von
139 4204 270 4255 Reuchlin
295 4204 373 4254 nicht·
395 4204 512 4255 erwthnt
537 4203 610 4266 mirri,
639 4202 802 4255 unbekannt.
881 4205 899 4252 4
923 4201 1001 4268 Liegt
1026 4198 1158 4253 nstiirlich
1183 4197 1228 4250 der

58 4290 228 4346 handschriit
243 4292 320 4343 nicht
337 4292 387 4343 hei.
443 4296 459 4344 b
480 4292 571 4344 Dicser
584 4290 656 4343 brief
673 4291 717 4342 des
731 4291 814 4342 aldus
832 4291 867 4341 ist
885 4288 1068 4354 cbensowenig
1088 4288 1136 4339 wia
1154 4287 1227 4339 scine

59 4382 243 4430 antevertens
258 4381 307 4431 den
328 4381 453 4448 crnsrigen
472 4378 596 4431 erhalten.

89 4495 235 4538 Reuchlin
810 4551 813 4557 ν
980 4467 1017 4526 23
