2716 4898
632 282 698 348 248

180 480 356 549 Handschr.:
372 497 413 534 =
424 477 503 538 Bcrl
520 492 605 537 mser.
623 474 674 536 fol.
693 478 749 548 223
764 473 920 551 gedruclrt:
930 472 1188 547 :Friedlanden
1201 472 1253 535 bei·

99 592 182 662 trtge
196 603 221 644 s.
240 589 281 646 60
296 584 335 659 fg.

675 683 693 720 ὴ

95 776 149 825 drei
164 775 205 824 liir
218 774 260 822 die
271 774 465 825 reuchlinisehc
479 774 558 823 sache
571 774 643 823 nicht
655 771 833 839 unwichtigen
846 771 948 823 briefen
963 789 995 822 an
1015 771 1135 839 stephan
1145 769 1252 834 1111111111,

94 866 160 914 Rom
180 866 212 912 tt
227 863 293 913 Nor.
312 863 365 911 und
386 867 399 911 7
421 864 483 912 Dee.
506 864 581 921 1515,
604 864 633 912 te
646 863 707 911 dan.
731 861 798 910 tote
811 861 854 911 bei
866 859 956 910 Veith:
976 860 1123 926 Peutinger
1141 875 1161 910 a
1177 862 1218 908 181
1229 860 1251 908 d.

93 951 146 1000 Der
170 952 294 1016 fulgenda
312 950 402 999 bisber
421 949 603 1015 ungedruekte
622 949 703 1008 brief,
722 947 767 997 der
788 949 834 998 mit
853 947 901 998 don
928 947 1205 1013 hummelbergischen
1221 947 1250 997 111

92 1042 220 1089 ndchsten
238 1039 462 1104 zusammenhang
480 1038 564 1099 steht,
583 1036 636 1085 und
654 1052 700 1086 aur
720 1036 872 1087 erhenntnis
890 1036 937 1086 der
955 1035 1135 1087 verhitltniase
1153 1036 1180 1086 iu
1197 1037 1248 1085 llum

94 1125 203 1177 itnllerst
215 1127 323 1191 wichtig
343 1128 385 1187 ist,
404 1126 454 1175 soll
469 1126 629 1190 wenigstens
648 1126 675 1173 in
695 1126 768 1174 einer
784 1126 947 1191 anmerkung
966 1126 1026 1175 elne
1039 1123 1120 1175 stelle
1138 1121 1247 1174 erbalten.

95 1216 271 1264 Ornatissimo
284 1215 551 1278 eloquentissimoque
570 1214 670 1263 doctori
684 1214 802 1263 Matiane
817 1213 884 1263 Rufo
904 1215 1062 1280 praeceptori
1075 1211 1217 1262 venerando
1227 1212 1245 1262 8.

92 1304 157 1353 ‚Scio
185 1303 250 1352 nihil
279 1303 327 1351 tibi
351 1303 452 1367 gratius
478 1303 564 1351 lacere
583 1318 674 1368 posse,
695 1316 772 1366 quam
793 1308 821 1351 ut
840 1301 985 1368 Capnicnis
1004 1316 1116 1352 causam
1136 1300 1244 1360 omnihus,

97 1401 127 1442 ut
152 1391 266 1452 dicitur,
290 1391 456 1439 lineamentis
481 1391 529 1439 tibi
555 1391 709 1456 exprimam.
747 1390 837 1439 Hares
856 1392 925 1439 enim
945 1389 1074 1454 favosque
1093 1384 1244 1457 πολυγλώττῳ

96 1481 285 1529 Germanorum
311 1479 484 1545 polyhistori,
510 1490 537 1526 nt
564 1480 609 1542 qui
635 1479 748 1528 maxime
775 1493 806 1527 eo
829 1480 919 1542 itaque
943 1476 1057 1526 consilio
1084 1477 1160 1527 binas
1181 1474 1243 1524 hasce

95 1569 185 1617 literas
198 1566 295 1616 alteras
308 1566 454 1627 Reucblini,
473 1566 570 1616 alteras
586 1565 770 1631 llumelbergii
788 1566 845 1615 heri
859 1565 923 1615 mihi
939 1553 1058 1615 redditas
1075 1564 1128 1613 tibi
1140 1562 1242 1630 legendae

95 1657 258 1716 transmitto,
290 1664 376 1704 tamen
401 1663 429 1702 ut
456 1653 501 1703 ubi
527 1653 672 1719 perlegeris
697 1656 823 1713 remittas,
847 1661 876 1703 ut
900 1652 1052 1704 hominihus
1076 1652 1179 1719 optimis
1195 1650 1241 1700 clim

96 1752 269 1811 opportunum
283 1744 403 1791 mintium
418 1742 526 1807 adeptus
539 1741 697 1807 respondere
711 1743 821 1792 valeam.
858 1742 916 1791 Non
930 1743 1005 1808 potui
1019 1742 1149 1791 universae
1166 1749 1242 1790 statuo

97 1849 184 1883 causas
211 1849 289 1897 qnam
311 1830 544 1896 llnnrmelbergius
571 1847 727 1897 expressus,
756 1846 841 1895 neque
867 1831 1007 1881 maximam
1027 1828 1167 1896 capnionis
1187 1842 1241 1894 spen

100 1920 196 1970 clarina
223 1921 368 1985 exprimere
391 1936 469 1984 qnam
497 1921 612 1985 ipsemet.
651 1919 747 1968 Verum
771 1919 819 1968 tibi
838 1935 890 1970 non
910 1919 1047 1988 ingratum·
1068 1919 1125 1968 lore
1143 1916 1242 1974 arbitror,

98 2009 120 2056 si
141 2007 172 2056 de
192 2006 312 2055 omnibus
334 2010 466 2073 personis,
489 2024 598 2072 quarum
618 2009 644 2056 in
664 2008 748 2057 literis
768 2009 865 2056 mentio
884 2007 922 2070 fit,
940 2006 1055 2073 paucula
1073 2007 1186 2071 quaedam
1201 2018 1242 2070 per·

97 2097 235 2160 scripsero.
275 2095 381 2161 Fungar
393 2097 597 2145 nomenclatoris
616 2095 734 2161 partibus
747 2103 774 2145 et
786 2094 857 2145 istud
870 2101 991 2160 tanquam
1006 2096 1150 2144 auctarium
1163 2091 1243 2143 adden.

100 2183 334 2249 Hummelhergius
360 2186 467 2234 natione
487 2185 602 2247 Saevus,
624 2185 694 2248 juris
713 2183 880 2245 licentiatus,
899 2190 929 2233 ut
947 2192 1058 2245 vocant,
1079 2181 1211 2243 Alcandro,
1225 2184 1243 2226 et

97 2272 277 2337 Hermcnymo
298 2274 434 2338 Spartiatae
458 2274 660 2338 preceptoribus
679 2279 778 2321 tantam
796 2273 891 2337 graecis
912 2271 996 2321 literis
1019 2286 1128 2337 operam
1146 2267 1241 2328 navarit,

97 2367 127 2409 ut
147 2361 203 2424 jam
228 2362 284 2410 sine
310 2361 408 2410 cortice
434 2361 500 2410 citra
526 2361 671 2426 periculum
697 2368 786 2410 natare
805 2368 892 2425 queat.
930 2360 970 2410 De
993 2359 1129 2410 literarum
1147 2364 1172 2408 ct
1189 2353 1240 2420 jum

96 2450 250 2512 cognitione
274 2449 342 2498 nihil
361 2447 460 2498 adtinet
485 2448 583 2508 dicere,
608 2446 725 2498 moribus
744 2446 845 2513 alioqui
862 2455 916 2498 11111
933 2446 1067 2509 candidis,
1086 2453 1116 2496 ut
1133 2455 1241 2511 quemque

96 2533 193 2585 bonum
219 2536 252 2585 ad
276 2554 304 2585 se
329 2535 471 2586 amandum
496 2536 649 2601 compellet,
675 2537 847 2601 Peutingcro,
865 2536 985 2598 Eraemo,
1011 2535 1103 2599 Beato,
1121 2533 1241 2597 multisque

97 2631 222 2690 praeterea
245 2625 407 2674 carissimus,
447 2624 638 2689 Vendervigius
664 2624 834 2690 Westphalus
853 2625 884 2674 U.
901 2623 929 2674 d.
949 2624 983 2673 D.
1008 2623 1136 2673 acerrimo
1154 2617 1242 2686 ingenio

97 2726 128 2760 eo
148 2712 308 2776 Capnionem
328 2728 484 2776 quamquam
504 2713 535 2761 de
554 2712 621 2762 facie
640 2713 815 2778 incognitum,
834 2728 922 2762 amore
941 2712 1116 2776 prosequitur,
1133 2717 1161 2760 ut
1176 2704 1243 2758 maxi·

97 2814 166 2847 marn
185 2798 304 2848 laborum
324 2807 424 2865 partem
448 2799 522 2850 solus
544 2801 630 2862 cheat,
651 2810 728 2865 utque
747 2800 829 2865 (quud
848 2801 874 2849 111
893 2800 1041 2860 causidico,
1059 2807 1115 2850 tum
1133 2797 1244 2864 precipue

96 2885 268 2946 Romanensi,
295 2889 457 2937 rarissimum
482 2892 532 2950 cst)
558 2890 684 2952 gratuito.
728 2889 859 2950 Quocirca
884 2888 942 2948 ubi,
970 2892 998 2937 nt
1025 2902 1118 2953 spero,
1143 2884 1244 2951 capnion

95 2972 276 3037 triumphabit,
295 2974 364 3024 haud
385 2975 465 3024 multo
486 2978 571 3025 minus
583 2976 762 3041 Vanderviglc
783 2975 896 3038 debebit,
915 2992 992 3040 quam
1006 2975 1110 3024 Theseo
1126 2971 1245 3024 Hermio.

97 3061 183 3123 Hujus
204 3062 400 3112 contubernalis
420 3065 550 3114 Martinus
569 3065 727 3129 Grcningus,
746 3072 772 3115 et
793 3066 848 3130 ipse
866 3062 1086 3130 jurisconsultus,
1104 3062 1151 3113 sed
1169 3071 1247 3126 grets

96 3147 280 3215 politiorisque
305 3150 447 3201 literaturae
469 3154 548 3217 longe
569 3151 685 3215 doctior,
713 3153 819 3204 oculare
843 3151 980 3219 speculum
998 3150 1125 3200 latinitati
1148 3146 1248 3203 donant

97 3236 176 3303 idque
194 3253 227 3286 ea
245 3238 277 3287 de
292 3254 387 3301 cansa,
405 3255 464 3289 cnm
485 3241 551 3290 forta
571 3242 674 3291 tonum
692 3241 871 3307 theologistici
889 3246 1072 3307 procuratores
1092 3240 1126 3289 ab
1146 3237 1249 3288 auditore

98 3326 241 3377 cardinalis
261 3328 451 3378 instantissime
470 3329 625 3378 seutentiam
644 3336 770 3395 peterent,
789 3327 941 3379 obtuleruut
953 3334 1074 3378 cacatum
1095 3327 1174 3377 istum
1187 3323 1249 3376 Colc-

96 3416 227 3466 nicnsium
246 3415 365 3466 libellum
384 3417 599 3483 propositionum,
618 3425 646 3467 nt
663 3418 715 3484 ipsi
735 3419 816 3482 ajnnt,
836 3417 867 3466 tle
886 3416 937 3466 tide
956 3422 1140 3481 suspectarum
1159 3411 1250 3465 etmalt

1 3547 3 3560 ,
93 3503 242 3554 sonantium
263 3506 289 3552 in
308 3504 416 3569 speculo
436 3504 550 3567 oculari,
575 3521 654 3571 snper
680 3521 732 3571 quo
755 3506 886 3556 sententia
913 3505 1031 3555 serretur.
1069 3502 1251 3568 Venderrigiut

98 3591 141 3654 qui
161 3593 235 3655 quasi
262 3592 346 3642 oculis
365 3601 485 3653 caneret,
511 3595 534 3642 si
560 3593 587 3643 id
610 3595 694 3656 lieret,
723 3610 756 3644 nc
774 3593 886 3643 salutem
905 3592 1009 3657 quidem
1027 3593 1115 3659 ipsum
1134 3593 1158 3641 si
1177 3590 1253 3647 rellel,

97 3693 160 3727 suas
179 3685 265 3743 partes
285 3696 391 3731 servare
416 3697 496 3747 posse
521 3683 625 3748 excepit
644 3689 762 3748 oportere
786 3681 818 3731 de
838 3682 971 3732 volumine
990 3678 1185 3731 Rcuchliniano
1203 3686 1249 3728 tou

95 3781 146 3816 non
168 3768 194 3816 iu
214 3767 295 3818 frusta
310 3776 407 3831 secato,
427 3767 512 3834 (quasi
528 3771 621 3836 Pelops
634 3777 678 3819 aut
694 3770 856 3837 Hyppclitus
869 3771 950 3832 esset)
963 3768 1143 3833 pronunciari.
1180 3770 1254 3832 atque

98 3853 131 3905 ad
149 3855 217 3905 hanc
234 3871 312 3905 unam
332 3858 513 3922 exceptionem
528 3865 650 3922 tanquam
669 3858 701 3907 ad
719 3874 821 3909 sacram
834 3857 978 3907 anchoram
991 3867 1046 3906 tum
1059 3854 1253 3922 confugiendum

98 3955 162 3994 erat.
201 3944 307 3996 l'locuit
324 3943 352 3993 id
370 3944 483 3994 antditcri
504 3953 529 3995 et
547 3946 585 3995 ita
603 3946 659 3996 fieri
680 3947 805 3997 decrevit.
842 3946 920 3996 Solus
939 3952 1002 3996 tunc
1021 3944 1114 3995 aderat
1126 3945 1254 3999 Martinus,

94 4035 139 4098 qni
159 4032 383 4097 interpretationis
402 4048 469 4082 onus
488 4042 644 4099 acceptaret.
683 4035 716 4084 Et
733 4036 836 4085 tametsi
850 4035 949 4084 Bremae
966 4039 1052 4096 natus,
1071 4032 1118 4082 ubi
1138 4032 1254 4083 dialectut

95 4120 288 4171 Rcuchliniana
300 4134 391 4184 parum
405 4123 466 4169 trita
478 4128 526 4184 cst,
538 4124 644 4187 egregie
658 4124 757 4173 muneri
772 4139 818 4173 suc
831 4122 969 4172 satisfecit.
991 4119 1126 4172 «Iacobum
1139 4122 1254 4184 Questen·

96 4205 206 4274 bargum
226 4208 455 4272 persuasissimum
473 4207 558 4258 habco
577 4210 618 4260 vel
637 4211 707 4261 lama
726 4212 775 4263 tibi
795 4211 939 4276 cognitum.
977 4209 1136 4260 Diutissime
1154 4218 1253 4272 namque

96 4295 183 4344 Romae
202 4306 320 4346 versatus
345 4314 374 4346 eo
402 4298 551 4346 autoritatis
571 4301 706 4363 pervenit,
725 4307 754 4350 ut
773 4301 800 4348 in
819 4300 966 4348 scribarum
986 4296 1159 4363 diplomatum
1177 4292 1251 4362 ponti-

96 4382 223 4437 ticialium
241 4384 341 4450 urdine,
361 4400 437 4453 quem
456 4384 687 4440 honoratissimum
705 4403 764 4440 1111
782 4403 835 4440 nen
854 4388 972 4461 ignoras,
989 4401 1080 4461 parem
1096 4386 1144 4440 rix
1160 4383 1250 4440 nabat
