2716 4898
658 321 726 390 254

110 512 146 579 id
172 513 251 579 mibi
273 518 363 580 certo
385 511 550 579 reddetur.
595 513 683 578 Bene
706 513 795 593 vale,
818 512 1000 579 Germania
1023 518 1145 576 nostm
1172 509 1267 577 decus

111 617 145 684 Si
167 619 379 702 Philippum¹
415 619 568 703 juvenem
599 619 642 684 ad
666 618 847 685 Roffonsem
872 619 1001 684 miseris
1031 618 1100 684 tuis
1123 636 1267 683 commen

109 722 221 789 datum
253 723 371 804 literis,
403 723 482 788 mihi
513 723 624 803 crode,
663 724 860 790 tractabitur
894 723 1147 803 humanissime,
1175 727 1206 787 et
1229 718 1265 785 ad

109 829 342 913 amplissimam
375 829 539 895 fortunam
572 828 778 912 provehetur.
832 827 901 893 Nec
938 848 1077 912 usquam
1116 825 1263 908 continget

108 933 182 1018 plus
205 934 268 999 ocii
291 935 333 1000 ad
355 935 495 1017 optimas
518 933 640 999 literas.
686 934 848 999 Fortassis
876 932 932 999 ille
955 933 1028 999 sitit
1051 931 1188 997 ltaliam.
1227 930 1261 994 lt

109 1038 159 1104 his
174 1038 376 1124 temporibus
391 1039 520 1105 ltaliam
536 1038 637 1105 habet
653 1039 769 1123 Anglia
785 1045 819 1105 et
832 1039 867 1103 ni
882 1038 979 1122 plane
993 1037 1101 1116 fallor,
1124 1034 1257 1121 quiddam

108 1144 204 1209 Italia
219 1145 436 1228 prestantius.
466 1145 607 1210 Rursum
622 1143 702 1210 vale.
743 1143 864 1210 Calecii
879 1143 932 1209 Vl
948 1143 1045 1208 ΚΑΒ
1061 1140 1255 1226 Septembres

196 1252 355 1313 Gedruckt:
373 1273 415 1306 =
430 1253 458 1314 J.
476 1270 503 1313 r.
520 1269 546 1314 c.
563 1248 652 1313 siiiib
669 1254 714 1312 bis
728 1259 767 1313 t·.

610 1506 765 1575 CCXXII.

177 1594 299 1660 (marne.)
985 1598 1018 1646 ar
1041 1592 1223 1661 sug.(1sn).

105 1682 314 1759 Henrichus
334 1683 496 1760 Stromer
513 1683 770 1759 Aurbacchius
785 1682 811 1781 ²,
831 1682 1027 1758 medicinae
1047 1682 1182 1778 doctor,
1199 1679 1248 1754 Jo

197 1807 314 1882 hanni
332 1806 515 1882 Reuchlin
533 1805 734 1882 Phorcensi
752 1807 828 1881 LL.
850 1805 992 1881 doctori
1012 1805 1050 1882 S.
1071 1806 1117 1880 D.
1136 1804 1175 1879 P.

193 1953 242 2018 Ne
266 1953 402 2033 mireris,
426 1954 474 2018 vir
490 1954 674 2039 eloquentia
689 1963 789 2040 atque
807 1954 892 2038 juris
911 1953 1088 2038 prudentia
1101 1946 1247 2017 absolutis

106 2056 202 2136 sime,
237 2058 324 2142 quod
356 2079 415 2142 ego
448 2060 508 2126 tibi
535 2061 716 2144 incognitus
743 2057 874 2126 incultis
907 2057 1016 2124 verbis
1043 2057 1178 2123 audeam
1198 2051 1246 2118 tuis

102 2160 290 2228 tersissimis
301 2163 437 2229 auribus
452 2164 641 2248 obstrepere
652 2165 676 2229 ³.
700 2164 738 2229 ld
761 2164 845 2229 enirn
862 2162 977 2242 evenit,
1000 2183 1065 2228 non
1081 2183 1121 2228 ex
1142 2155 1246 2225 temeri

102 2272 182 2347 tate,
204 2268 262 2334 sed
284 2269 467 2335 incredibili
488 2277 522 2336 et
540 2269 691 2354 flagranti
714 2276 825 2335 nostro
846 2269 923 2352 erga
939 2268 1110 2334 universos
1125 2263 1246 2332 eruditos

101 2371 250 2439 homines
281 2394 400 2440 amore.
446 2375 491 2440 Es
524 2375 608 2440 enirn
641 2374 736 2440 homo
769 2394 903 2459 syncera
937 2394 1050 2439 amore
1084 2379 1118 2438 et
1143 2384 1246 2437 summa

102 2480 309 2545 veneratione
333 2480 549 2563 dignissimus,
572 2480 627 2564 qui
649 2481 773 2564 primus
788 2479 975 2545 hebraicam
998 2477 1140 2561 linguam
1162 2472 1246 2540 soluts

101 2581 259 2649 hactenus
282 2605 320 2650 ac
343 2585 465 2650 rustice
488 2585 696 2664 stridentem,
725 2585 826 2651 donec
849 2584 909 2651 abs
932 2591 965 2649 te
991 2582 1118 2668 legibus
1140 2574 1246 2646 dicendi

101 2689 327 2773 subjiceretur,
350 2689 570 2773 grammaticis
593 2690 686 2755 nodis
710 2697 787 2774 apte
803 2696 838 2756 et
852 2690 1007 2756 concinne
1030 2682 1247 2772 perstrinxerit

101 2798 169 2857 tam
190 2802 305 2878 aperto
332 2793 468 2861 artificio
497 2794 582 2880 quod
612 2795 663 2860 vel
687 2795 849 2861 mediocre
871 2794 1000 2878 iugenio
1029 2792 1183 2878 preditus
1202 2806 1246 2854 suo

101 2897 207 2963 Marte
231 2901 296 2965 tuis
312 2922 352 2964 ex
367 2901 539 2984 praeceptis
555 2899 740 2983 perdiscere
758 2899 873 2978 valeat,
889 2898 1028 2965 officinm
1038 2904 1127 2965 certs
1143 2892 1246 2962 cunetis

100 3003 303 3083 mortalibus,
326 3004 429 3071 obviis
453 3005 538 3072 ulnis
561 3005 795 3090 excipiendum,
819 3027 892 3071 cum
909 3025 1037 3070 summa
1059 2997 1246 3089 gratitudinis

100 3107 267 3173 relatione.
313 3110 418 3175 Taceo
442 3130 541 3195 quarn
565 3112 802 3176 benemeritus
826 3111 871 3177 sis
895 3110 935 3176 de
959 3109 1063 3175 latina
1086 3114 1178 3193 geute
1197 3101 1247 3169 tuit

99 3211 290 3279 multivariis
312 3215 539 3299 poematibus⁴
563 3216 736 3281 admodum
761 3222 874 3280 ornate
900 3214 1037 3280 excusis.
1083 3213 1174 3291 Nam,
1188 3227 1248 3294 qut

98 3317 161 3385 ties
194 3326 252 3384 tua
278 3320 407 3386 intueor
437 3320 575 3404 scripta,
603 3321 637 3386 id
662 3322 701 3386 de
725 3327 757 3385 te
776 3319 888 3404 judico
918 3319 1006 3404 quod
1036 3318 1132 3403 longe
1161 3311 1249 3382 erudi·

98 3423 217 3489 tissimi
240 3424 299 3489 viri
322 3446 441 3490 omnes.
487 3427 619 3509 Ignosce
643 3425 730 3510 quod
754 3446 804 3490 me
828 3423 1025 3489 doctissimis
1049 3414 1247 3488 annumeravi

99 3528 234 3595 iudicat
256 3537 367 3596 autem
391 3530 505 3596 doctus
536 3530 737 3595 eruditorum
767 3531 928 3596 exercitus
951 3549 1016 3593 non
1048 3530 1155 3594 minus
1177 3528 1247 3591 recte

97 3652 196 3716 quam
232 3656 322 3714 vere,
355 3641 387 3700 te
422 3635 606 3701 nniversam
634 3636 841 3701 Germaniam
874 3641 975 3718 atque
1007 3635 1109 3699 etiam
1139 3629 1248 3698 Lunum

96 3758 210 3824 graeco,
233 3738 345 3821 latino,
369 3746 402 3806 et
417 3739 570 3806 hebraico
587 3761 743 3823 sermone,
767 3741 872 3806 tribus
895 3740 1030 3806 summis
1046 3739 1181 3824 eloquiis
1194 3731 1248 3800 istis

671 3885 689 3926 2

170 3981 181 4024 1
198 3973 358 4041 Philippum!
366 3973 615 4025 Melanchtbonem?
637 3961 711 4027 iiber
722 3975 812 4026 diesen
826 3974 888 4042 plan
898 3974 1043 4027 Reucblins
1054 3977 1091 4027 ist
1100 3982 1173 4026 sonst
1181 3968 1249 4024 uictu

92 4059 219 4114 bekannt.
294 4068 308 4113 2
328 4061 390 4129 Vgl.
410 4064 477 4113 iiber
494 4062 539 4112 ibn
558 4063 668 4126 Iirhsrd,
686 4065 776 4130 gesch.
796 4064 842 4114 des
863 4063 1129 4116 wiedsrsuibldhens
1146 4079 1173 4114 u.
1189 4077 1208 4111 s.
1224 4071 1247 4104 w·

93 4150 137 4202 bd.
164 4153 211 4203 111.
283 4151 369 4202 altis
397 4151 495 4202 ebenso
520 4150 692 4218 begeistertes
717 4150 761 4202 lob
782 4151 926 4203 Bouchlins
949 4151 1071 4204 schreibt
1096 4153 1205 4203 suomet
1222 4156 1248 4193 ¹¹

93 4238 277 4289 Pirclrlreiruer
302 4241 403 4291 lNor.
433 4241 514 4302 1517,
533 4239 576 4290 bei
596 4238 718 4306 Bdcking
741 4240 760 4301 l,
779 4255 801 4289 s.
823 4241 881 4290 155.
956 4237 1084 4291 Mulier
1103 4241 1152 4291 den
1170 4233 1247 4289 beidffl

91 4328 230 4379 comodieu
250 4328 395 4378 Reuehlins
413 4327 473 4378 sind
492 4343 541 4378 nur
559 4327 620 4379 sehr
644 4329 746 4393 menige
765 4326 819 4377 und
837 4344 905 4394 ganz
925 4327 1129 4380 nubedeuteuds
1147 4327 1248 4395 peimi·

93 4414 238 4468 Reuehlius
257 4416 382 4469 bekannt.
