2716 4898
651 286 717 352 287

82 474 268 561 puerilibus
285 475 401 542 studiis
416 475 514 543 linem
529 477 676 561 posuisse
692 479 873 562 praesertim
890 499 1001 545 senem
1025 499 1077 545 me
1101 499 1140 546 ao
1163 500 1266 566 prope

81 583 265 648 terminum
289 583 371 663 vitae,
399 584 454 668 qni
479 584 602 667 optimo
621 584 696 668 jure
720 584 839 649 altiora
861 585 1116 670 contemplarer,
1132 606 1267 670 vergens

81 688 114 753 in
139 710 332 773 vesperam,
361 690 393 755 ni
418 711 508 756 meus
533 710 610 774 erga
633 695 666 756 te
690 711 782 756 amor
804 691 917 776 ingens
941 697 975 757 et
1005 691 1192 758 observatio
1215 692 1264 758 tui

81 815 155 860 mea
181 795 298 880 quanti
328 800 438 879 potest
468 797 509 861 ub
542 793 650 861 infimo
678 796 711 860 in
735 817 894 861 summum
921 795 1054 878 baberi,
1079 797 1208 863 demum
1231 795 1266 863 id

82 906 206 984 ageret,
219 906 257 966 ut
270 899 319 965 bis
333 902 519 968 carceribus
534 908 567 967 et
584 902 645 967 bac
662 908 751 967 meta
773 903 954 968 consistere
970 903 1178 987 nequiverim,
1188 901 1265 969 dnm

83 1007 273 1090 cogitarem,
297 1005 403 1073 adbuc
422 1007 455 1071 in
481 1028 576 1073 sacra
597 1006 799 1074 bebraeorum
823 1009 1095 1092 scripturavideri
1111 1007 1265 1093 quiddam

84 1113 203 1197 reliqui
219 1112 349 1196 cognitu
365 1112 497 1196 dignum
513 1134 577 1198 quo
594 1134 652 1197 per
672 1118 764 1179 tuum
781 1135 900 1179 numen
920 1114 1070 1181 fruantur
1087 1113 1265 1181 erudiendi.

173 1217 259 1283 Nam
282 1224 402 1302 praeter
425 1240 538 1284 vocum
562 1224 596 1284 et
619 1218 864 1285 distinctionum
892 1225 987 1287 notas
1009 1221 1100 1304 sigua
1116 1221 1265 1306 qnaedam

86 1324 249 1390 cernimus
261 1324 294 1389 in
304 1323 443 1409 judaicis
463 1323 573 1390 bibliis
592 1325 679 1390 varie
695 1325 782 1389 inter
801 1325 1036 1410 scripturarum
1051 1325 1154 1393 lineas
1168 1327 1266 1394 collo·

86 1435 159 1495 cata
176 1449 251 1514 quse
266 1429 419 1495 studiosae
437 1431 618 1514 juventutis
635 1429 792 1495 candidus
808 1429 945 1497 affectus
966 1453 1058 1516 aeque
1074 1432 1266 1515 admiratur,

86 1541 194 1602 tamen
220 1541 375 1601 nontam
399 1535 441 1600 ad
457 1537 713 1619 grammaticum,
738 1557 835 1620 qnam
861 1544 895 1602 et
917 1537 960 1602 ad
976 1537 1140 1604 rhetorem
1165 1537 1265 1606 etad

85 1642 245 1708 musicum
269 1643 460 1725 spectantia.
510 1643 556 1706 De
581 1641 699 1726 quibus
729 1642 789 1706 sub
822 1649 878 1708 tuo
902 1643 1030 1708 nomine
1054 1665 1113 1727 per
1136 1643 1264 1711 libellos

86 1753 260 1832 sequentes
283 1769 347 1813 non
377 1747 516 1831 amplius
533 1747 626 1814 binos
649 1748 757 1831 quoad
781 1749 850 1832 ejus
873 1745 944 1813 fieri
972 1749 1095 1832 poterit
1125 1749 1264 1815 lectores

85 1851 232 1921 discendi
256 1854 391 1938 cupidos
416 1854 507 1919 brevi
538 1853 655 1919 faciam
687 1854 852 1933 certiores,
884 1854 1126 1938 quantumlibet
1148 1855 1265 1923 multo-

84 1979 154 2026 rum
174 1960 301 2046 jndicio
317 1962 408 2026 aetati
431 1981 511 2026 meae
534 1981 597 2025 non
611 1961 780 2025 conveniat
804 1960 957 2045 encycliis
978 1960 1156 2045 disciplinis
1178 1961 1265 2028 insn-

82 2065 181 2147 dare,
211 2072 320 2132 tamen
353 2071 404 2131 est
427 2067 526 2132 etiam
551 2087 734 2133 curarnmm
758 2067 939 2132 animarum
962 2066 1095 2152 aliquod
1117 2067 1265 2135 levamen

79 2167 223 2239 honeste
247 2194 320 2238 cum
343 2173 454 2256 pueris
477 2173 600 2239 ludere.

172 2279 254 2344 Post
276 2279 362 2344 enim
386 2299 483 2363 qnam
505 2279 538 2342 in
562 2277 645 2343 aulis
668 2277 850 2362 principum
874 2278 1029 2343 senatorii
1046 2276 1167 2344 ordinis
1190 2299 1265 2343 con·

74 2385 229 2451 sulatum
252 2405 354 2450 annos
377 2384 589 2469 undeviginti,
624 2391 693 2449 tum
718 2384 833 2449 deinde
868 2384 1109 2449 triumviratum
1139 2382 1264 2449 Sueviae

72 2512 185 2558 annos
210 2490 360 2557 undecim
375 2491 546 2556 continuos
569 2490 682 2555 sedulo
706 2491 799 2573 gessi,
823 2488 954 2554 tandem
977 2488 1063 2554 sedit
1087 2491 1203 2570 animo,
1225 2494 1264 2556 ut

72 2617 189 2684 nuper
205 2596 357 2663 abdicato
372 2596 578 2662 triumviratu
595 2603 628 2662 et
643 2595 844 2661 secularibus
859 2595 1000 2679 negociis
1016 2594 1123 2661 subito
1139 2593 1264 2662 exactis

72 2703 110 2768 in
137 2702 212 2768 ocio
235 2701 382 2769 literario
406 2704 605 2788 quiescerem
621 2724 659 2768 ac
683 2709 892 2769 sacrosancta
914 2703 1075 2768 divinitati
1099 2701 1264 2769 consortia

74 2807 240 2894 legerem,
269 2809 349 2874 mibi
372 2815 406 2874 et
423 2810 504 2888 Deo,
534 2830 592 2892 per
615 2829 686 2893 quae
711 2809 852 2874 salutem
886 2813 1077 2892 perpetuam
1100 2815 1134 2874 et
1156 2806 1264 2874 cordis

75 2915 357 3000 tranquillitatem
389 2935 567 2999 verumque
599 2913 749 2998 gaudium
781 2928 819 2980 ac
858 2936 921 2980 non
952 2915 1097 2980 fucatum
1126 2913 1264 2998 adipisci

78 3021 211 3087 liceret.
260 3019 383 3099 Quibus
406 3021 551 3104 legendis
575 3021 678 3086 multa
700 3020 885 3086 inciderunt
900 3021 1070 3087 minutulis
1094 3019 1262 3087 elementis

80 3132 116 3192 ct
150 3125 302 3210 apicibus
332 3127 456 3210 exiguis
497 3126 705 3206 coherentia,
738 3128 865 3193 nomine
901 3149 1019 3212 parva,
1045 3150 1082 3193 re
1111 3128 1263 3207 maxima,

82 3231 270 3298 trivialibus
286 3233 413 3298 artibus
438 3233 680 3316 comprehensa,
698 3253 768 3317 qnae
792 3235 975 3299 necessario
999 3234 1041 3299 ad
1057 3240 1124 3298 tam
1140 3232 1261 3297 arduas

82 3360 137 3405 res
154 3338 383 3422 intelligendas
400 3346 597 3405 concurrunt
612 3344 646 3404 et
662 3337 730 3403 sine
747 3338 865 3423 quibus
880 3339 1004 3405 frustra
1015 3340 1048 3404 in
1064 3345 1131 3404 tam
1139 3337 1261 3402 sanctis

83 3443 189 3510 literis
217 3443 382 3510 sudamus.
418 3445 538 3510 Eorum
563 3466 635 3510 cum
659 3444 800 3509 viderem
825 3466 953 3529 quoque
984 3443 1168 3509 habendam
1191 3463 1261 3509 esse

87 3551 251 3617 rationem
268 3571 331 3617 non
353 3551 545 3634 neglectam,
557 3551 653 3616 etiam
671 3549 713 3615 ad
736 3551 808 3633 ipsa
832 3550 974 3616 studium
1000 3568 1105 3613 meum
1130 3547 1261 3616 contuli.

87 3657 131 3723 Et
160 3658 218 3740 ita,
249 3663 286 3724 ut
309 3657 451 3723 universi
483 3657 626 3737 cernitis,
667 3656 700 3720 in
728 3661 825 3721 aetate
853 3661 1007 3739 provecta
1030 3655 1260 3738 grammaticus

83 3762 258 3831 hebraicus
288 3763 389 3843 evasi,
422 3761 552 3848 qnando
583 3785 646 3828 non
676 3769 726 3828 est
752 3760 844 3827 nobis
867 3761 901 3826 in
923 3761 984 3828 hoc
1016 3761 1139 3828 Sueviae
1167 3759 1262 3828 terri-

83 3871 168 3937 torio
192 3870 381 3937 Jndaeorum
405 3871 512 3955 copia,
543 3869 661 3954 quibus
684 3866 940 3952 praeceptoribus
965 3875 998 3934 et
1021 3890 1158 3952 qnorum
1183 3889 1261 3953 qno-

82 3975 207 4042 tidiano
231 3976 393 4062 colloquio
416 3982 592 4042 uteremur.
623 3975 761 4060 Jamque
785 3962 910 4058 gaudeo
932 3974 1105 4059 plurimum
1131 3996 1168 4040 eo
1185 3995 1263 4040 ven·

83 4087 149 4148 tum
169 4104 253 4164 esse,
274 4089 312 4148 ut
327 4082 405 4147 mihi
429 4082 528 4147 liceat
557 4082 668 4166 gravia
692 4101 762 4146 oum
786 4080 912 4146 levibus
928 4086 962 4146 et
984 4081 1154 4147 serianum
1172 4078 1259 4148 ludis

668 4229 686 4263 ’k

260 4318 414 4373 Extremum
434 4318 501 4374 liber
520 4318 563 4370 bic
581 4321 745 4370 consummat
763 4317 812 4370 rite
832 4315 948 4370 laborum

300 4411 389 4463 Sermo
410 4408 590 4462 voluminibus
608 4413 732 4476 quattuor
751 4407 799 4458 isto
819 4412 898 4480 patet.
