2716 4898
656 268 721 334 219

89 455 149 525 illo
162 450 277 525 tamen
301 456 429 542 planius
446 455 666 542 intelligerent
688 458 774 524 inter
797 479 878 547 qnos
893 459 1032 545 quadam
1056 466 1151 528 nocte
1172 460 1269 528 simul

93 583 228 630 eramus
246 561 409 648 precipue
432 561 569 631 illustris
590 585 679 630 novae
703 562 821 650 aquilae
843 583 951 632 comes
970 567 997 645 ¹,
1022 564 1186 633 iohannes
1208 566 1268 634 Ca-

92 667 252 756 pellarius
275 668 359 737 alias
384 669 425 736 de
442 669 541 754 Regio
557 669 643 754 Pago
668 677 701 736 at
724 669 883 738 Henricus
909 670 1097 737 Monocercs
1120 671 1202 738 alias
1225 672 1265 739 de

92 773 265 842 Wesalia⁹
287 781 391 841 totam
415 775 504 842 illam
527 783 656 843 noctem
679 782 787 842 tecum
809 777 1033 861 transegimus.
1080 778 1199 858 Crede,
1222 778 1268 845 mi

93 880 258 965 capnion,
297 902 402 966 neque
426 881 517 962 fatis,
551 880 665 968 neque
690 881 830 948 humano
865 881 997 947 consilio
1021 883 1174 963 evenisse,
1211 882 1269 949 sed

93 987 206 1053 diviua
228 987 338 1071 potins
361 988 578 1071 providentia,
602 994 640 1053 ut
657 987 732 1053 talis
756 993 913 1073 tantaque
938 989 1158 1056 controversia
1181 988 1267 1056 inter

92 1099 126 1159 te
151 1099 185 1159 et
208 1092 449 1178 theosophistas
472 1092 677 1168 adversarios
700 1100 775 1160 tuos
798 1092 1010 1172 suboriretur,
1035 1094 1164 1180 quando
1187 1094 1266 1162 alio·

94 1199 153 1285 qni
178 1198 323 1284 quisquis
349 1198 435 1264 alius
458 1199 486 1265 is
509 1198 625 1266 fuisset
648 1205 769 1284 praeter
791 1206 841 1279 te,
871 1198 1098 1266 succubuisset
1121 1201 1258 1282 omniuo,

92 1312 126 1370 et
150 1304 179 1371 si
203 1325 266 1370 non
289 1304 419 1382 virtute,
442 1304 649 1371 multitudine
674 1310 782 1371 tamen
807 1310 840 1370 et
863 1305 961 1371 turba
984 1313 1167 1391 superatus.
1214 1308 1267 1373 lta

91 1433 153 1477 nec
186 1415 296 1497 potest
325 1410 395 1476 falli
423 1412 526 1490 Dens,
567 1432 627 1476 nec
655 1410 740 1476 fallit
768 1432 921 1496 unquam.
973 1413 1094 1477 Doctor
1123 1413 1267 1480 Sesseler

91 1538 168 1585 cum
189 1515 266 1582 hinc
288 1516 352 1582 alio
382 1517 581 1600 migraturus
611 1523 707 1596 esset,
730 1515 764 1580 id
794 1515 879 1601 quod
904 1516 1028 1582 dolenti
1050 1517 1158 1584 auimo
1182 1518 1261 1601 fero,

94 1623 217 1709 qnippe
240 1623 297 1709 qui
319 1623 368 1687 vir
392 1629 443 1689 est
466 1623 606 1707 optimus
630 1628 664 1687 et
691 1623 935 1706 integerrimus,
967 1624 1155 1708 priusquam
1189 1647 1263 1710 pro-

93 1728 296 1796 ficisceretur
318 1749 370 1794 me
393 1729 602 1807 commonuit,
636 1734 672 1793 ut
696 1727 757 1793 sibi
781 1727 830 1792 vel
860 1728 1044 1813 epistolium
1067 1728 1200 1813 aliquod
1221 1729 1266 1796 ad

93 1843 127 1903 te
151 1835 276 1902 darem.
321 1833 415 1913 Quod
445 1833 593 1918 equidem
618 1834 681 1898 leci
711 1855 809 1919 quam
838 1832 1064 1914 libentissime,
1097 1856 1161 1901 nou
1196 1841 1264 1902 tam

94 1942 165 2027 ejus
196 1961 296 2026 qnam
319 1948 352 2004 et
374 1961 448 2005 mea
477 1939 578 2024 ipsius
606 1960 714 2005 causa.
761 1940 813 2006 Sic
838 1941 922 2005 enirn
946 1940 1006 2006 tibi
1029 1963 1156 2026 semper
1179 1963 1266 2008 com·

92 2045 244 2113 mandari
265 2045 369 2130 cupio.
416 2045 561 2130 Reliquit
585 2052 618 2110 et
640 2066 699 2110 nos
722 2045 820 2129 paulo
844 2052 920 2112 aute
948 2046 1089 2130 Phugius
1118 2047 1263 2128 nostcr³,

92 2153 190 2220 homo
203 2174 265 2217 non
282 2152 331 2217 tui
347 2150 441 2216 modo
458 2150 724 2230 studiosissimus,
745 2158 781 2217 ut
797 2158 885 2216 certe
903 2158 961 2231 est,
985 2152 1044 2218 sed
1067 2160 1100 2218 et
1123 2156 1265 2219 omnium

89 2258 352 2325 doctissimorum
376 2257 554 2338 hominum,
579 2263 616 2323 ut
639 2264 672 2322 et
693 2258 763 2342 ipse
789 2264 847 2324 est.
873 2259 911 2323 Ei
934 2259 976 2324 ad
1000 2258 1265 2342 Pyrkheimerum

88 2371 248 2443 nostrum,
263 2384 373 2429 rarum
389 2363 474 2428 inter
490 2363 668 2429 Germanos
684 2364 886 2444 miraculum,
909 2366 1022 2430 literas
1038 2364 1124 2446 dedi,
1148 2365 1264 2449 quibus

88 2478 122 2536 et
145 2469 194 2536 illi
216 2469 355 2535 indicavi
378 2469 467 2553 apud
490 2491 548 2536 nos
572 2469 719 2535 libellum
742 2470 922 2535 Nazareni⁴
947 2470 1087 2554 theologi
1099 2471 1260 2537 Oaesareae

88 2575 258 2660 Majestati
281 2575 479 2640 destinatum
497 2575 621 2654 excudi,
646 2597 742 2660 quem
759 2583 791 2642 et
807 2576 1001 2642 adhortatus
1025 2598 1090 2641 uua
1112 2598 1193 2656 sum,
1216 2578 1265 2643 uti

90 2682 258 2766 dialogum
280 2680 371 2746 illum
394 2681 538 2760 Luciani,
563 2680 603 2746 de
624 2704 687 2766 quo
711 2682 791 2748 alias
815 2681 893 2747 mihi
916 2683 1056 2766 scripsit,
1080 2683 1175 2749 titulo
1200 2685 1263 2768 pis·

91 2795 187 2856 cator
201 2808 260 2854 seu
275 2786 481 2853 resuscitati⁵
503 2789 536 2852 in
561 2788 666 2854 lucem
682 2787 815 2854 tandem
839 2787 908 2868 det,
925 2788 1055 2873 quando
1081 2790 1204 2856 scilicet
1230 2795 1265 2855 et

90 2895 162 2980 ipse
185 2914 292 2960 mores
315 2892 383 2960 fere
415 2895 568 2978 exprimit
591 2893 710 2979 quibus
733 2895 837 2960 nostri
860 2895 1103 2981 Theosophistae
1125 2897 1158 2962 in
1182 2896 1256 2964 doc-

90 3000 254 3068 tissimum
273 3021 433 3085 quemque
458 3006 604 3066 utuntur.
629 3001 748 3085 Accepi
768 3001 810 3067 ab
825 3002 960 3068 Erasmo
984 3004 1120 3070 nostro⁶
1146 3004 1260 3079 literas

669 3149 686 3185 ξε

168 3248 178 3292 1
200 3242 333 3292 Hermann
355 3255 405 3290 von
429 3237 562 3301 11111111,
591 3238 645 3304 rgl.
676 3238 797 3304 Bcching
823 3241 923 3306 suppl,
951 3241 1003 3290 vol.
1031 3241 1070 3302 11,
1096 3256 1116 3291 s.
1147 3244 1198 3292 428
1225 3243 1262 3307 fg.

93 3337 108 3381 2
128 3317 203 3383 liber
229 3329 357 3381 Heinrich
377 3327 507 3392 Einhorn,
531 3327 586 3394 vgl.
607 3327 692 3377 Krafft
716 3327 1196 3394 11101111111111111111311311111.
1216 3328 1263 3381 dos

93 3419 276 3471 humanismus
300 3435 342 3468 am
362 3417 551 3480 Niedsrrhein,
570 3416 705 3467 Elberfeld
730 3419 809 3477 1870,
828 3434 849 3466 s.
870 3419 911 3464 47.
986 3415 1147 3483 3l’hngius]
1168 3419 1267 3483 Fugius

92 3508 139 3558 der
153 3508 221 3558 oben
236 3510 269 3558 30
284 3507 353 3573 Sept.
372 3510 437 3556 1514
451 3505 591 3556 erwthute.
612 3505 672 3554 Nro.
687 3504 790 3555 CXCII.
864 3509 880 3554 4
894 3502 1024 3554 Libellum
1044 3506 1180 3573 Nazaraei]
1200 3506 1266 3557 iiber

92 3598 167 3648 diens
186 3594 500 3662 vertheidigungssehrift
519 3594 564 3644 des
584 3594 714 3659 Georgius
732 3594 866 3658 Benignus
884 3593 925 3642 h'ir
939 3593 1077 3655 Rcuchlin,
1096 3594 1266 3659 1811111111-

81 3667 129 3738 Ι111
150 3704 171 3738 s.
192 3690 241 3736 col
263 3685 289 3734 ff.
328 3685 379 3734 Die
398 3683 507 3733 vor-rede
528 3683 623 3733 Martio
644 3682 777 3748 Grcnings
796 3696 829 3730 nu
849 3680 894 3730 der
916 3680 1009 3731 schrift
1028 3683 1063 3731 ist
1083 3699 1141 3731 vom
1165 3688 1175 3732 1
1197 3685 1266 3752 Aug.

95 3779 172 3826 7517.
246 3775 261 3823 5
282 3773 333 3824 Seu
353 3773 550 3840 reviviscentes
562 3771 644 3822 laniet
663 3769 709 3820 der
728 3769 865 3820 wirkliche
879 3769 936 3820 titel
956 3769 1001 3819 der
1020 3787 1071 3822 von
1086 3771 1267 3823 Pirclrheimer

94 3865 177 3915 noct.
195 3863 260 3912 1517
277 3862 397 3912 wirhlich
412 3860 640 3911 verdffentlichteu
654 3859 755 3923 schrift,
770 3858 816 3911 der
828 3861 869 3909 ein
884 3859 944 3911 sehr
956 3859 1158 3923 ausliihrliches,
1171 3861 1212 3910 fiir
1224 3861 1267 3911 dis

92 3951 288 4003 renclrlinischs
301 3951 505 4017 angulegeuheit
518 3950 658 4015 ungcmeiu
674 3947 812 4014 wiehtiges
827 3947 965 3998 schreiben
981 3947 1155 3998 Pirkheimers
1169 3965 1202 3997 un
1217 3951 1265 3999 Lo·

92 4040 272 4092 renaBehaim
287 4039 333 4104 (30
348 4043 417 4104 hug.
434 4039 512 4106 1517)
527 4035 750 4103 vorangeschickt
765 4038 806 4099 ist,
820 4036 875 4102 vgl.
889 4036 1018 4088 Rcuchlin
1031 4052 1052 4088 s.
1067 4038 1117 4087 395
1131 4038 1156 4088 ff.
1195 4039 1209 4088 6
1224 4037 1265 4089 ΑΙ)

91 4127 214 4198 Ernsmo]
235 4128 280 4178 der
300 4127 369 4177 briei
386 4126 431 4177 des
450 4127 575 4177 Erasmus
596 4143 628 4176 an
643 4126 767 4176 Ctsarins
794 4127 824 4175 16
844 4128 914 4191 Aug.
937 4127 1016 4187 1517,
1040 4125 1179 4192 (Biiclring,
1201 4122 1284 4177 llut-v

93 4219 149 4268 teni
169 4217 287 4284 sperni,
307 4232 328 4266 s.
352 4218 409 4276 149,
432 4217 502 4281 150),
522 4215 625 4265 enthiilt
644 4230 693 4265 nur
712 4216 770 4265 eine
791 4215 934 4281 erklarung
951 4230 1036 4281 gegen
1056 4213 1098 4263 die
1117 4231 1173 4281 epp.
1194 4215 1265 4268 obsc.

92 4307 154 4369 vir.;
180 4306 244 4356 iiber
264 4304 391 4355 lieuchlin
411 4320 460 4355 nur
482 4304 525 4355 dis
545 4312 636 4358 worts:
663 4304 695 4353 de
718 4305 863 4371 composita
888 4303 934 4354 lite
953 4303 1140 4354 Renchliniuca
1165 4305 1264 4355 utinum

92 4412 154 4457 rere
186 4396 301 4451 nunties.
350 4395 398 4452 hie
422 4393 505 4451 brieio
535 4392 580 4448 des
605 4393 730 4444 Erasmus
757 4394 820 4448 tiber
847 4391 989 4459 Reuchliu,
1020 4391 1062 4445 die
1088 4391 1263 4446 dunhelmia-
