2716 4898
648 320 711 387 165

88 528 238 575 mearum
265 509 524 577 imbecillitatem
556 516 589 578 ct
623 508 727 578 laicus
759 528 853 578 sacra
877 511 1004 580 librabo
1032 515 1120 600 qnod
1148 515 1225 583 boni
1252 520 1262 559 ¹

93 614 274 682 consulatis
298 615 443 683 obsecro.

181 719 265 786 Nam
295 726 333 786 ut
364 722 583 807 complaceam
612 722 795 789 venerando
824 724 922 789 coetui
944 729 1053 790 restro
1076 732 1111 791 et
1133 747 1265 794 exacer-

89 823 198 904 batos,
222 825 249 890 si
272 827 328 912 qui
352 827 425 907 sint,
448 829 655 894 reconciliem
679 835 713 894 et
729 828 921 895 nutantibus
936 830 1099 914 porrigam
1122 853 1262 914 manum,

90 935 124 996 et
156 930 299 1018 gladium
328 953 391 998 non
420 934 524 999 sinam
552 935 586 1001 in
616 934 763 1013 vulnere,
792 934 1065 1020 statuimecum,
1102 937 1145 1003 ad
1174 939 1261 1022 quod

89 1040 191 1102 antea
213 1043 349 1122 paratus
373 1060 471 1119 eram,
493 1047 531 1106 ut
553 1061 612 1125 per
636 1040 806 1124 epistolam
830 1040 922 1105 vobis
945 1040 1099 1124 patefeci,
1124 1063 1164 1106 ex
1187 1042 1258 1109 sola

90 1141 152 1207 Dei
182 1147 216 1207 et
244 1143 384 1227 proximi
409 1143 581 1211 dilectione
611 1167 650 1211 ac
674 1144 758 1211 bono
782 1145 850 1211 zelo
873 1151 993 1211 nostrae
1015 1146 1180 1231 religionis
1203 1148 1262 1214 dc·

89 1247 287 1314 clarationes
316 1250 414 1314 etiam
441 1251 474 1315 in
503 1251 612 1335 lingua
642 1250 815 1316 vernacula
838 1256 871 1316 et
893 1251 1019 1336 vulgari
1043 1274 1191 1320 sermone
1216 1253 1258 1319 ad

89 1353 256 1439 proximas
278 1355 439 1421 nundinas
462 1356 799 1424 Francofordienses¹
828 1357 977 1423 omnibus
1008 1358 1178 1438 exhibere,
1207 1380 1263 1424 ve-

89 1466 177 1525 teres
207 1459 424 1542 extendendo,
457 1468 491 1528 et
522 1462 579 1528 ubi
612 1484 693 1546 opus
716 1461 815 1527 fuerit
834 1462 999 1546 jungendo
1022 1484 1137 1545 noras,
1173 1465 1261 1550 quod

89 1564 217 1648 pusillis
240 1564 401 1650 praebebit
416 1567 559 1633 ansam³
588 1567 697 1633 standi
721 1573 754 1633 et
776 1568 941 1634 insidiosis
964 1575 1064 1654 atque
1088 1569 1260 1636 malevolis

89 1668 220 1737 auferet
241 1671 459 1738 calumniandi
482 1674 693 1752 occasionem,
715 1694 756 1738 00
778 1672 830 1738 rel
852 1679 981 1739 mortuo
1004 1674 1091 1740 leoni
1114 1674 1251 1742 barbam

89 1776 213 1842 vellant
242 1776 292 1842 vel
317 1799 390 1843 cum
413 1779 484 1844 vivo
515 1778 742 1863 digladientur,
772 1778 804 1844 iu
828 1778 934 1863 majus
957 1779 1042 1864 uulgi
1066 1779 1258 1846 scandalum

92 1888 123 1947 et
148 1883 342 1968 evangelica
368 1884 457 1969 pacis
480 1884 654 1951 laesionem.

180 1988 272 2068 Quod
296 1997 404 2055 autem
427 1991 555 2074 petitis,
586 1996 623 2056 ut
646 1990 762 2070 libelli,
790 1991 817 2055 si
842 1990 898 2075 qui
921 1989 985 2055 mei
1013 1991 1120 2058 adhuc
1144 1998 1257 2058 extent

90 2102 147 2161 aut
178 2095 285 2161 denuo
313 2095 477 2180 impressi,
514 2118 622 2162 curem
658 2117 698 2161 ne
727 2095 927 2177 vendantur,
961 2092 1101 2181 primum
1132 2100 1260 2179 scitote,

91 2201 197 2266 nullos
229 2223 299 2267 esse
336 2201 441 2267 denuo
471 2202 661 2286 impressos3
693 2202 808 2268 deiude
835 2223 925 2268 meos
954 2224 1119 2288 nunquam
1149 2205 1260 2285 fuisse,

91 2306 148 2374 sed
177 2307 423 2392 impressorum,
455 2329 475 2373 a
505 2309 623 2394 quibus
651 2308 817 2374 duodenos
846 2329 921 2375 aere·
938 2311 1071 2393 proprio
1094 2316 1258 2377 mercatus

90 2435 161 2481 sum
194 2419 230 2479 ut
258 2414 371 2479 amicis
395 2413 564 2480 donarem.
606 2414 812 2498 Quapropter
835 2414 950 2479 bacin
975 2419 1071 2498 parte
1088 2414 1167 2478 mihi
1191 2436 1255 2481 non

90 2521 153 2586 erit
176 2520 344 2604 possibile,
372 2527 480 2586 vestro
512 2526 587 2585 voto
615 2541 739 2585 morem
769 2541 891 2603 gerere.
937 2520 1053 2604 Itaque
1078 2519 1255 2603 dignemini

89 2625 204 2690 haud⁴
225 2625 361 2691 moleste
384 2625 480 2706 ferre,
504 2626 531 2690 si
555 2625 642 2711 quod
665 2626 793 2691 omnino
818 2625 946 2690 excedit
969 2625 1142 2692 facultates
1158 2647 1258 2704 meas,

91 2731 183 2797 robis
211 2752 275 2796 non
303 2737 457 2816 praestem
473 2730 499 2811 ⁵,
530 2731 647 2817 quibus
671 2731 818 2814 profecto
842 2751 993 2816 cuperem
1018 2737 1135 2797 cuncta
1158 2731 1259 2822 grati·

90 2836 192 2902 ficari.
238 2836 401 2902 Foeliciter
433 2837 548 2917 valete,
581 2837 784 2902 celeberrimi
815 2836 965 2903 doctores
994 2843 1028 2902 et
1050 2842 1162 2922 patres
1187 2838 1260 2916 mei,

93 2943 211 3028 quibus
241 2943 449 3008 vehementer
475 2948 551 3027 opto
585 2948 618 3007 et
651 2943 820 3028 desyderio
845 2943 1018 3029 desydero,
1050 2965 1102 3009 me
1126 2943 1261 3010 tandem

92 3048 268 3136 aliquando
296 3049 330 3113 in
360 3049 488 3114 nomine
512 3050 591 3115 Jesu
615 3049 737 3114 Christi
767 3055 801 3114 ct
825 3050 857 3114 in
883 3049 993 3116 osculo
1017 3049 1106 3135 pacis
1129 3055 1259 3134 gratum

93 3147 161 3220 fore
186 3161 220 3220 et
242 3160 422 3238 acceptum.
469 3154 665 3239 Stutgardiae
690 3160 708 3220 5
732 3154 780 3221 ld.
810 3156 947 3222 Martias
972 3157 1065 3222 Anno
1092 3161 1185 3220 1512.

181 3265 343 3326 Gedruckt:
363 3271 377 3324 l
398 3265 483 3324 =J.
500 3283 527 3324 v.
545 3281 569 3324 0.
587 3283 611 3324 r.
627 3260 677 3324 iiib
697 3265 953 3339 4³32=Mains
969 3267 987 3325 1.
1004 3267 1023 3324 l.
1041 3284 1068 3341 p.
1088 3269 1152 3325 340
1169 3283 1210 3339 sq.

612 3448 750 3517 CXLIV.
868 3509 871 3514 .

164 3546 305 3608 stuttgart.
1007 3540 1035 3586 11
1058 3537 1130 3586 Mllrn
1152 3537 1228 3586 1512.

96 3635 119 3709 d
122 3633 287 3707 ohannes
314 3628 498 3704 Reuchlin
524 3627 743 3702 Phorcensis
771 3627 846 3700 LL.
878 3626 1007 3700 doctor
1033 3625 1059 3698 f.
1090 3622 1264 3700 Ounrado

97 3756 231 3830 Kollin
259 3752 305 3827 dc
332 3751 457 3847 Ulma,
486 3750 686 3850 theologiae
713 3749 927 3851 professori,
957 3749 1096 3825 ordinis
1122 3748 1264 3824 Praedi-

383 3887 559 3971 catnrnm,
590 3874 759 3948 Coloniae
787 3899 815 3946 s.
845 3874 881 3947 d.
910 3871 977 3974 p.⁶

184 4044 278 4111 Facit
306 4063 433 4109 summa
460 4040 541 4108 fides
575 4063 674 4127 quam
704 4039 764 4106 tibi
794 4039 900 4106 habeo
932 4039 1055 4106 amicus
1079 4039 1199 4118 amice,
1228 4041 1266 4104 ut

98 4151 196 4218 ctiam
219 4148 467 4216 dehortantibus
490 4146 562 4214 aliis
585 4169 685 4232 penes
701 4167 770 4225 nos,
794 4151 852 4212 tua
870 4151 979 4211 tamen
996 4144 1130 4211 consilia
1145 4164 1265 4228 sequar

674 4269 691 4308 ²l=

169 4361 313 4411 chnot.
388 4359 695 4410 ni'rancolurtensesn.
770 4356 913 4424 brincam]
931 4358 1075 4405 cnusaml.
1143 4353 1266 4429 tflaud]

97 4466 149 4511 pop
169 4454 194 4508 2.
268 4449 284 4506 5
305 4449 386 4505 Vobis
404 4453 523 4524 prro-stom
538 4447 645 4498 minime
665 4451 688 4506 2,
763 4448 778 4508 6
799 4445 875 4509 Olane
894 4443 1033 4526 cufschrift
1051 4447 1075 4506 2,
