<?xml version="1.0" encoding="UTF-8"?>
<!DOCTYPE html PUBLIC "-//W3C//DTD XHTML 1.0 Transitional//EN"
    "http://www.w3.org/TR/xhtml1/DTD/xhtml1-transitional.dtd">
<html xmlns="http://www.w3.org/1999/xhtml" xml:lang="en" lang="en">
 <head>
  <title>
</title>
<meta http-equiv="Content-Type" content="text/html;charset=utf-8" />
  <meta name='ocr-system' content='tesseract 3.04.00' />
  <meta name='ocr-capabilities' content='ocr_page ocr_carea ocr_par ocr_line ocrx_word'/>
</head>
<body>
  <div class='ocr_page' id='page_1' title='image "./johannreuchlins00reucgoog/johannreuchlins00reucgoog_0187.png"; bbox 0 0 2716 4898; ppageno 0'>
   <div class='ocr_carea' id='block_1_1' title="bbox 637 276 701 343">
    <p class='ocr_par' dir='ltr' id='par_1_1' title="bbox 637 276 701 343">
     <span class='ocr_line' id='line_1_1' title="bbox 637 276 701 343; baseline -0.016 0"><span class='ocrx_word' id='word_1_1' title='bbox 637 276 701 343; x_wconf 79' lang='lat'>175</span> 
     </span>
    </p>
   </div>
   <div class='ocr_carea' id='block_1_2' title="bbox 72 463 1251 4288">
    <p class='ocr_par' dir='ltr' id='par_1_2' title="bbox 72 463 1251 3725">
     <span class='ocr_line' id='line_1_2' title="bbox 75 463 1251 553; baseline -0.003 -19"><span class='ocrx_word' id='word_1_2' title='bbox 75 488 230 553; x_wconf 83' lang='lat' dir='ltr'><strong>supreme</strong></span> <span class='ocrx_word' id='word_1_3' title='bbox 254 466 409 552; x_wconf 81' lang='lat' dir='ltr'>ingratos,</span> <span class='ocrx_word' id='word_1_4' title='bbox 434 466 550 551; x_wconf 90' lang='lat' dir='ltr'>quibus</span> <span class='ocrx_word' id='word_1_5' title='bbox 574 466 669 534; x_wconf 91' lang='lat' dir='ltr'>deum</span> <span class='ocrx_word' id='word_1_6' title='bbox 691 466 834 552; x_wconf 90' lang='lat' dir='ltr'>judicem</span> <span class='ocrx_word' id='word_1_7' title='bbox 858 486 1012 551; x_wconf 88' lang='lat' dir='ltr'>propono,</span> <span class='ocrx_word' id='word_1_8' title='bbox 1038 468 1071 530; x_wconf 87' lang='lat' dir='ltr'>et</span> <span class='ocrx_word' id='word_1_9' title='bbox 1094 464 1157 531; x_wconf 92' lang='lat' dir='ltr'>nisi</span> <span class='ocrx_word' id='word_1_10' title='bbox 1173 463 1251 532; x_wconf 89' lang='lat' dir='ltr'>resi·</span> 
     </span>
     <span class='ocr_line' id='line_1_3' title="bbox 74 570 1249 658; baseline -0.003 -19"><span class='ocrx_word' id='word_1_11' title='bbox 74 574 208 658; x_wconf 89' lang='lat' dir='ltr'>puerint</span> <span class='ocrx_word' id='word_1_12' title='bbox 236 572 396 639; x_wconf 86' lang='lat' dir='ltr'>vindicem</span> <span class='ocrx_word' id='word_1_13' title='bbox 428 580 515 658; x_wconf 89' lang='lat' dir='ltr'>opto.</span> <span class='ocrx_word' id='word_1_14' title='bbox 563 575 630 640; x_wconf 90' lang='lat' dir='ltr'>Das</span> <span class='ocrx_word' id='word_1_15' title='bbox 658 575 705 639; x_wconf 91' lang='lat' dir='ltr'>sei</span> <span class='ocrx_word' id='word_1_16' title='bbox 738 572 818 639; x_wconf 89' lang='lat' dir='ltr'>aber</span> <span class='ocrx_word' id='word_1_17' title='bbox 846 571 905 636; x_wconf 90' lang='lat' dir='ltr'>das</span> <span class='ocrx_word' id='word_1_18' title='bbox 928 570 1145 655; x_wconf 84' lang='lat' dir='ltr'>gemeinsame</span> <span class='ocrx_word' id='word_1_19' title='bbox 1178 572 1249 637; x_wconf 91' lang='lat' dir='ltr'>loos</span> 
     </span>
     <span class='ocr_line' id='line_1_4' title="bbox 75 675 1250 765; baseline -0.002 -21"><span class='ocrx_word' id='word_1_20' title='bbox 75 678 158 745; x_wconf 81' lang='lat' dir='ltr'>aller</span> <span class='ocrx_word' id='word_1_21' title='bbox 173 679 295 746; x_wconf 90' lang='lat' dir='ltr'>lehrer.</span> <span class='ocrx_word' id='word_1_22' title='bbox 342 681 452 765; x_wconf 91' lang='lat' dir='ltr'>thue</span> <span class='ocrx_word' id='word_1_23' title='bbox 470 678 618 746; x_wconf 92' lang='lat' dir='ltr'>omuibus</span> <span class='ocrx_word' id='word_1_24' title='bbox 634 683 819 762; x_wconf 88' lang='lat' dir='ltr'>promptum</span> <span class='ocrx_word' id='word_1_25' title='bbox 837 682 924 742; x_wconf 91' lang='lat' dir='ltr'>esset</span> <span class='ocrx_word' id='word_1_26' title='bbox 947 675 1088 741; x_wconf 89' lang='lat' dir='ltr'>omnium</span> <span class='ocrx_word' id='word_1_27' title='bbox 1105 697 1250 742; x_wconf 90' lang='lat' dir='ltr'>meorum</span> 
     </span>
     <span class='ocr_line' id='line_1_5' title="bbox 75 780 1245 870; baseline -0.003 -20"><span class='ocrx_word' id='word_1_28' title='bbox 75 784 248 851; x_wconf 86' lang='lat' dir='ltr'>abundare</span> <span class='ocrx_word' id='word_1_29' title='bbox 271 785 366 870; x_wconf 90' lang='lat' dir='ltr'>copia</span> <span class='ocrx_word' id='word_1_30' title='bbox 390 792 424 852; x_wconf 87' lang='lat' dir='ltr'>et</span> <span class='ocrx_word' id='word_1_31' title='bbox 447 784 620 864; x_wconf 76' lang='lat' dir='ltr'>facilitate,</span> <span class='ocrx_word' id='word_1_32' title='bbox 643 785 706 851; x_wconf 85' lang='lat' dir='ltr'>feci</span> <span class='ocrx_word' id='word_1_33' title='bbox 728 783 913 849; x_wconf 86' lang='lat' dir='ltr'>rudimenta</span> <span class='ocrx_word' id='word_1_34' title='bbox 934 780 1095 847; x_wconf 84' lang='lat' dir='ltr'>hebraicae</span> <span class='ocrx_word' id='word_1_35' title='bbox 1119 781 1245 866; x_wconf 82' lang='lat' dir='ltr'>linguae,</span> 
     </span>
     <span class='ocr_line' id='line_1_6' title="bbox 76 887 1246 976; baseline -0.001 -21"><span class='ocrx_word' id='word_1_36' title='bbox 76 911 148 975; x_wconf 84' lang='lat' dir='ltr'>quae</span> <span class='ocrx_word' id='word_1_37' title='bbox 171 891 276 958; x_wconf 89' lang='lat' dir='ltr'>multo</span> <span class='ocrx_word' id='word_1_38' title='bbox 300 891 417 957; x_wconf 90' lang='lat' dir='ltr'>sudore</span> <span class='ocrx_word' id='word_1_39' title='bbox 442 897 475 958; x_wconf 92' lang='lat' dir='ltr'>et</span> <span class='ocrx_word' id='word_1_40' title='bbox 497 892 582 975; x_wconf 84' lang='lat' dir='ltr'>algu,</span> <span class='ocrx_word' id='word_1_41' title='bbox 607 911 714 976; x_wconf 88' lang='lat' dir='ltr'>prece,</span> <span class='ocrx_word' id='word_1_42' title='bbox 737 888 860 974; x_wconf 88' lang='lat' dir='ltr'>premio</span> <span class='ocrx_word' id='word_1_43' title='bbox 886 893 919 954; x_wconf 94' lang='lat' dir='ltr'>et</span> <span class='ocrx_word' id='word_1_44' title='bbox 941 887 1051 971; x_wconf 90' lang='lat' dir='ltr'>precio</span> <span class='ocrx_word' id='word_1_45' title='bbox 1076 888 1246 972; x_wconf 84' lang='lat' dir='ltr'>perlonga</span> 
     </span>
     <span class='ocr_line' id='line_1_7' title="bbox 76 992 1246 1080; baseline -0.002 -19"><span class='ocrx_word' id='word_1_46' title='bbox 76 1000 230 1080; x_wconf 86' lang='lat' dir='ltr'>tempora</span> <span class='ocrx_word' id='word_1_47' title='bbox 257 1018 476 1076; x_wconf 86' lang='lat' dir='ltr'>corraseram,</span> <span class='ocrx_word' id='word_1_48' title='bbox 504 995 593 1061; x_wconf 89' lang='lat' dir='ltr'>hand</span> <span class='ocrx_word' id='word_1_49' title='bbox 625 996 694 1062; x_wconf 86' lang='lat' dir='ltr'>sine</span> <span class='ocrx_word' id='word_1_50' title='bbox 718 992 900 1060; x_wconf 83' lang='lat' dir='ltr'>incredibili</span> <span class='ocrx_word' id='word_1_51' title='bbox 924 993 1091 1077; x_wconf 82' lang='lat' dir='ltr'>diligentia</span> <span class='ocrx_word' id='word_1_52' title='bbox 1120 999 1154 1059; x_wconf 93' lang='lat' dir='ltr'>et</span> <span class='ocrx_word' id='word_1_53' title='bbox 1183 1014 1246 1059; x_wconf 86' lang='lat' dir='ltr'>aere</span> 
     </span>
     <span class='ocr_line' id='line_1_8' title="bbox 76 1098 1248 1186; baseline -0.003 -20"><span class='ocrx_word' id='word_1_54' title='bbox 76 1122 140 1166; x_wconf 94' lang='lat' dir='ltr'>non</span> <span class='ocrx_word' id='word_1_55' title='bbox 163 1120 266 1186; x_wconf 86' lang='lat' dir='ltr'>parvo</span> <span class='ocrx_word' id='word_1_56' title='bbox 288 1101 464 1186; x_wconf 82' lang='lat' dir='ltr'>publicitus</span> <span class='ocrx_word' id='word_1_57' title='bbox 486 1101 636 1185; x_wconf 87' lang='lat' dir='ltr'>imprimi.</span> <span class='ocrx_word' id='word_1_58' title='bbox 683 1100 744 1180; x_wconf 85' lang='lat' dir='ltr'>Qui</span> <span class='ocrx_word' id='word_1_59' title='bbox 773 1100 856 1164; x_wconf 89' lang='lat' dir='ltr'>liber</span> <span class='ocrx_word' id='word_1_60' title='bbox 879 1098 1135 1164; x_wconf 87' lang='lat' dir='ltr'>rudimentorum</span> <span class='ocrx_word' id='word_1_61' title='bbox 1159 1120 1248 1163; x_wconf 91' lang='lat' dir='ltr'>meo·</span> 
     </span>
     <span class='ocr_line' id='line_1_9' title="bbox 77 1203 1246 1291; baseline 0 -20"><span class='ocrx_word' id='word_1_62' title='bbox 77 1228 165 1288; x_wconf 91' lang='lat' dir='ltr'>rum,</span> <span class='ocrx_word' id='word_1_63' title='bbox 189 1228 264 1273; x_wconf 88' lang='lat' dir='ltr'>cum</span> <span class='ocrx_word' id='word_1_64' title='bbox 287 1205 355 1273; x_wconf 80' lang='lat' dir='ltr'>fere</span> <span class='ocrx_word' id='word_1_65' title='bbox 378 1208 539 1291; x_wconf 83' lang='lat' dir='ltr'>integrum</span> <span class='ocrx_word' id='word_1_66' title='bbox 568 1206 729 1272; x_wconf 86' lang='lat' dir='ltr'>hebraicae</span> <span class='ocrx_word' id='word_1_67' title='bbox 752 1204 953 1289; x_wconf 86' lang='lat' dir='ltr'>intelligendi</span> <span class='ocrx_word' id='word_1_68' title='bbox 976 1203 1148 1270; x_wconf 85' lang='lat' dir='ltr'>artificium</span> <span class='ocrx_word' id='word_1_69' title='bbox 1173 1226 1246 1271; x_wconf 92' lang='lat' dir='ltr'>con·</span> 
     </span>
     <span class='ocr_line' id='line_1_10' title="bbox 77 1309 1243 1397; baseline -0.002 -21"><span class='ocrx_word' id='word_1_70' title='bbox 77 1311 198 1394; x_wconf 78' lang='lat' dir='ltr'>tinent,</span> <span class='ocrx_word' id='word_1_71' title='bbox 228 1333 293 1379; x_wconf 90' lang='lat' dir='ltr'>non</span> <span class='ocrx_word' id='word_1_72' title='bbox 322 1317 434 1397; x_wconf 87' lang='lat' dir='ltr'>potest</span> <span class='ocrx_word' id='word_1_73' title='bbox 457 1311 651 1396; x_wconf 85' lang='lat' dir='ltr'>decerpente</span> <span class='ocrx_word' id='word_1_74' title='bbox 675 1317 767 1377; x_wconf 86' lang='lat' dir='ltr'>tanto</span> <span class='ocrx_word' id='word_1_75' title='bbox 791 1311 863 1376; x_wconf 93' lang='lat' dir='ltr'>usui</span> <span class='ocrx_word' id='word_1_76' title='bbox 887 1331 973 1390; x_wconf 91' lang='lat' dir='ltr'>esse,</span> <span class='ocrx_word' id='word_1_77' title='bbox 1002 1310 1064 1375; x_wconf 93' lang='lat' dir='ltr'>nisi</span> <span class='ocrx_word' id='word_1_78' title='bbox 1096 1316 1129 1376; x_wconf 90' lang='lat' dir='ltr'>et</span> <span class='ocrx_word' id='word_1_79' title='bbox 1152 1309 1243 1375; x_wconf 90' lang='lat' dir='ltr'>adhi-</span> 
     </span>
     <span class='ocr_line' id='line_1_11' title="bbox 78 1415 1240 1504; baseline 0 -22"><span class='ocrx_word' id='word_1_80' title='bbox 78 1416 217 1484; x_wconf 81' lang='lat' dir='ltr'>beantur</span> <span class='ocrx_word' id='word_1_81' title='bbox 239 1417 350 1504; x_wconf 87' lang='lat' dir='ltr'>aliqua</span> <span class='ocrx_word' id='word_1_82' title='bbox 371 1416 534 1484; x_wconf 82' lang='lat' dir='ltr'>uolumina</span> <span class='ocrx_word' id='word_1_83' title='bbox 556 1418 673 1498; x_wconf 84' lang='lat' dir='ltr'>bibliae,</span> <span class='ocrx_word' id='word_1_84' title='bbox 699 1437 764 1502; x_wconf 86' lang='lat' dir='ltr'>qua</span> <span class='ocrx_word' id='word_1_85' title='bbox 787 1415 917 1501; x_wconf 91' lang='lat' dir='ltr'>quidem</span> <span class='ocrx_word' id='word_1_86' title='bbox 940 1417 1012 1499; x_wconf 89' lang='lat' dir='ltr'>ipsa</span> <span class='ocrx_word' id='word_1_87' title='bbox 1036 1422 1107 1482; x_wconf 89' lang='lat' dir='ltr'>tota</span> <span class='ocrx_word' id='word_1_88' title='bbox 1130 1415 1240 1500; x_wconf 85' lang='lat' dir='ltr'>lingua</span> 
     </span>
     <span class='ocr_line' id='line_1_12' title="bbox 77 1520 1242 1608; baseline 0 -20"><span class='ocrx_word' id='word_1_89' title='bbox 77 1529 213 1590; x_wconf 87' lang='lat' dir='ltr'>constat</span> <span class='ocrx_word' id='word_1_90' title='bbox 260 1522 478 1608; x_wconf 86' lang='lat' dir='ltr'>Sperabamus</span> <span class='ocrx_word' id='word_1_91' title='bbox 506 1528 615 1589; x_wconf 89' lang='lat' dir='ltr'>autem</span> <span class='ocrx_word' id='word_1_92' title='bbox 643 1521 829 1588; x_wconf 91' lang='lat' dir='ltr'>indubitata</span> <span class='ocrx_word' id='word_1_93' title='bbox 859 1520 922 1586; x_wconf 89' lang='lat' dir='ltr'>fide</span> <span class='ocrx_word' id='word_1_94' title='bbox 953 1521 1073 1587; x_wconf 89' lang='lat' dir='ltr'>multas</span> <span class='ocrx_word' id='word_1_95' title='bbox 1107 1521 1149 1587; x_wconf 89' lang='lat' dir='ltr'>ad</span> <span class='ocrx_word' id='word_1_96' title='bbox 1183 1543 1242 1588; x_wconf 89' lang='lat' dir='ltr'>nos</span> 
     </span>
     <span class='ocr_line' id='line_1_13' title="bbox 79 1626 1242 1696; baseline -0.003 -1"><span class='ocrx_word' id='word_1_97' title='bbox 79 1649 115 1695; x_wconf 81' lang='lat' dir='ltr'>ex</span> <span class='ocrx_word' id='word_1_98' title='bbox 136 1628 237 1696; x_wconf 83' lang='lat' dir='ltr'>Italia</span> <span class='ocrx_word' id='word_1_99' title='bbox 260 1627 378 1696; x_wconf 81' lang='lat' dir='ltr'>biblios</span> <span class='ocrx_word' id='word_1_100' title='bbox 401 1629 570 1696; x_wconf 87' lang='lat' dir='ltr'>hebraicas</span> <span class='ocrx_word' id='word_1_101' title='bbox 593 1628 722 1696; x_wconf 86' lang='lat' dir='ltr'>Soncini</span> <span class='ocrx_word' id='word_1_102' title='bbox 738 1628 905 1694; x_wconf 83' lang='lat' dir='ltr'>Pisaurive</span> <span class='ocrx_word' id='word_1_103' title='bbox 929 1633 987 1692; x_wconf 89' lang='lat' dir='ltr'>aut</span> <span class='ocrx_word' id='word_1_104' title='bbox 1010 1626 1082 1692; x_wconf 90' lang='lat' dir='ltr'>aliis</span> <span class='ocrx_word' id='word_1_105' title='bbox 1106 1626 1139 1692; x_wconf 93' lang='lat' dir='ltr'>in</span> <span class='ocrx_word' id='word_1_106' title='bbox 1162 1626 1242 1692; x_wconf 90' lang='lat' dir='ltr'>locis</span> 
     </span>
     <span class='ocr_line' id='line_1_14' title="bbox 79 1731 1245 1820; baseline -0.002 -20"><span class='ocrx_word' id='word_1_107' title='bbox 79 1733 255 1820; x_wconf 87' lang='lat' dir='ltr'>impressas</span> <span class='ocrx_word' id='word_1_108' title='bbox 286 1758 359 1802; x_wconf 88' lang='lat' dir='ltr'>cum</span> <span class='ocrx_word' id='word_1_109' title='bbox 390 1736 517 1802; x_wconf 77' lang='lat' dir='ltr'>caeteris</span> <span class='ocrx_word' id='word_1_110' title='bbox 544 1735 732 1801; x_wconf 84' lang='lat' dir='ltr'>ludaeorum</span> <span class='ocrx_word' id='word_1_111' title='bbox 768 1732 860 1799; x_wconf 91' lang='lat' dir='ltr'>libris</span> <span class='ocrx_word' id='word_1_112' title='bbox 901 1731 1045 1818; x_wconf 87' lang='lat' dir='ltr'>quotidie</span> <span class='ocrx_word' id='word_1_113' title='bbox 1081 1738 1245 1814; x_wconf 82' lang='lat' dir='ltr'>uenturas,</span> 
     </span>
     <span class='ocr_line' id='line_1_15' title="bbox 80 1839 1244 1926; baseline -0.003 -18"><span class='ocrx_word' id='word_1_114' title='bbox 80 1862 147 1926; x_wconf 87' lang='lat' dir='ltr'>quae</span> <span class='ocrx_word' id='word_1_115' title='bbox 178 1863 254 1908; x_wconf 89' lang='lat' dir='ltr'>cum</span> <span class='ocrx_word' id='word_1_116' title='bbox 287 1840 464 1908; x_wconf 87' lang='lat' dir='ltr'>obsistente</span> <span class='ocrx_word' id='word_1_117' title='bbox 498 1840 612 1926; x_wconf 79' lang='lat' dir='ltr'>grandi</span> <span class='ocrx_word' id='word_1_118' title='bbox 644 1839 730 1907; x_wconf 93' lang='lat' dir='ltr'>bello</span> <span class='ocrx_word' id='word_1_119' title='bbox 755 1839 841 1926; x_wconf 91' lang='lat' dir='ltr'>quod</span> <span class='ocrx_word' id='word_1_120' title='bbox 866 1839 1029 1923; x_wconf 83' lang='lat' dir='ltr'>Augustus</span> <span class='ocrx_word' id='word_1_121' title='bbox 1058 1839 1244 1923; x_wconf 87' lang='lat' dir='ltr'>Imperator</span> 
     </span>
     <span class='ocr_line' id='line_1_16' title="bbox 81 1945 1247 2032; baseline -0.003 -18"><span class='ocrx_word' id='word_1_122' title='bbox 81 1945 336 2014; x_wconf 84' lang='lat' dir='ltr'>Maxaemilianus</span> <span class='ocrx_word' id='word_1_123' title='bbox 355 1948 424 2032; x_wconf 90' lang='lat' dir='ltr'>jam</span> <span class='ocrx_word' id='word_1_124' title='bbox 448 1947 503 2013; x_wconf 91' lang='lat' dir='ltr'>diu</span> <span class='ocrx_word' id='word_1_125' title='bbox 525 1947 558 2012; x_wconf 95' lang='lat' dir='ltr'>in</span> <span class='ocrx_word' id='word_1_126' title='bbox 579 1946 676 2012; x_wconf 87' lang='lat' dir='ltr'>Italia</span> <span class='ocrx_word' id='word_1_127' title='bbox 692 1945 844 2012; x_wconf 85' lang='lat' dir='ltr'>foeliciter</span> <span class='ocrx_word' id='word_1_128' title='bbox 859 1945 952 2029; x_wconf 84' lang='lat' dir='ltr'>gerit,</span> <span class='ocrx_word' id='word_1_129' title='bbox 976 1945 1119 2030; x_wconf 90' lang='lat' dir='ltr'>emporio</span> <span class='ocrx_word' id='word_1_130' title='bbox 1135 1950 1247 2011; x_wconf 90' lang='lat' dir='ltr'>nostro</span> 
     </span>
     <span class='ocr_line' id='line_1_17' title="bbox 82 2050 1246 2136; baseline -0.001 -19"><span class='ocrx_word' id='word_1_131' title='bbox 82 2072 138 2118; x_wconf 92' lang='lat' dir='ltr'>non</span> <span class='ocrx_word' id='word_1_132' title='bbox 176 2050 376 2135; x_wconf 81' lang='lat' dir='ltr'>afferuntur3</span> <span class='ocrx_word' id='word_1_133' title='bbox 411 2052 570 2119; x_wconf 86' lang='lat' dir='ltr'>tentanda</span> <span class='ocrx_word' id='word_1_134' title='bbox 602 2052 808 2118; x_wconf 89' lang='lat' dir='ltr'>nihilominus</span> <span class='ocrx_word' id='word_1_135' title='bbox 842 2053 896 2118; x_wconf 82' lang='lat' dir='ltr'>via</span> <span class='ocrx_word' id='word_1_136' title='bbox 931 2057 995 2133; x_wconf 88' lang='lat' dir='ltr'>est,</span> <span class='ocrx_word' id='word_1_137' title='bbox 1029 2073 1069 2117; x_wconf 90' lang='lat' dir='ltr'>ne</span> <span class='ocrx_word' id='word_1_138' title='bbox 1103 2051 1246 2136; x_wconf 90' lang='lat' dir='ltr'>nosipsi</span> 
     </span>
     <span class='ocr_line' id='line_1_18' title="bbox 82 2156 1244 2243; baseline 0 -21"><span class='ocrx_word' id='word_1_139' title='bbox 82 2156 189 2225; x_wconf 89' lang='lat' dir='ltr'>deesse</span> <span class='ocrx_word' id='word_1_140' title='bbox 223 2158 317 2225; x_wconf 92' lang='lat' dir='ltr'>nobis</span> <span class='ocrx_word' id='word_1_141' title='bbox 339 2158 519 2241; x_wconf 86' lang='lat' dir='ltr'>videamur,</span> <span class='ocrx_word' id='word_1_142' title='bbox 549 2160 582 2224; x_wconf 91' lang='lat' dir='ltr'>in</span> <span class='ocrx_word' id='word_1_143' title='bbox 616 2179 679 2243; x_wconf 93' lang='lat' dir='ltr'>quo</span> <span class='ocrx_word' id='word_1_144' title='bbox 706 2157 813 2225; x_wconf 85' lang='lat' dir='ltr'>fateor</span> <span class='ocrx_word' id='word_1_145' title='bbox 836 2157 1026 2224; x_wconf 84' lang='lat' dir='ltr'>tarditatem</span> <span class='ocrx_word' id='word_1_146' title='bbox 1050 2180 1155 2224; x_wconf 89' lang='lat' dir='ltr'>meam</span> <span class='ocrx_word' id='word_1_147' title='bbox 1179 2157 1244 2223; x_wconf 93' lang='lat' dir='ltr'>dis·</span> 
     </span>
     <span class='ocr_line' id='line_1_19' title="bbox 80 2263 1241 2349; baseline 0.001 -22"><span class='ocrx_word' id='word_1_148' title='bbox 80 2264 168 2330; x_wconf 86' lang='lat' dir='ltr'>cendi</span> <span class='ocrx_word' id='word_1_149' title='bbox 198 2264 324 2349; x_wconf 90' lang='lat' dir='ltr'>cupidis</span> <span class='ocrx_word' id='word_1_150' title='bbox 348 2286 527 2331; x_wconf 88' lang='lat' dir='ltr'>onerosam.</span> <span class='ocrx_word' id='word_1_151' title='bbox 573 2263 703 2329; x_wconf 90' lang='lat' dir='ltr'>Dudum</span> <span class='ocrx_word' id='word_1_152' title='bbox 732 2265 817 2329; x_wconf 91' lang='lat' dir='ltr'>enim</span> <span class='ocrx_word' id='word_1_153' title='bbox 845 2263 969 2349; x_wconf 90' lang='lat' dir='ltr'>aliquid</span> <span class='ocrx_word' id='word_1_154' title='bbox 997 2269 1157 2349; x_wconf 86' lang='lat' dir='ltr'>praeterea</span> <span class='ocrx_word' id='word_1_155' title='bbox 1186 2264 1241 2328; x_wconf 90' lang='lat' dir='ltr'>he-</span> 
     </span>
     <span class='ocr_line' id='line_1_20' title="bbox 78 2365 1244 2455; baseline -0.001 -22"><span class='ocrx_word' id='word_1_156' title='bbox 78 2365 193 2437; x_wconf 86' lang='lat' dir='ltr'>braicae</span> <span class='ocrx_word' id='word_1_157' title='bbox 219 2369 376 2436; x_wconf 87' lang='lat' dir='ltr'>doctrinae</span> <span class='ocrx_word' id='word_1_158' title='bbox 399 2370 554 2437; x_wconf 85' lang='lat' dir='ltr'>studiosis</span> <span class='ocrx_word' id='word_1_159' title='bbox 578 2391 641 2455; x_wconf 93' lang='lat' dir='ltr'>quo</span> <span class='ocrx_word' id='word_1_160' title='bbox 666 2391 700 2436; x_wconf 92' lang='lat' dir='ltr'>se</span> <span class='ocrx_word' id='word_1_161' title='bbox 720 2369 873 2450; x_wconf 86' lang='lat' dir='ltr'>juvarent</span> <span class='ocrx_word' id='word_1_162' title='bbox 897 2369 1070 2435; x_wconf 86' lang='lat' dir='ltr'>edidissem</span> <span class='ocrx_word' id='word_1_163' title='bbox 1094 2376 1192 2448; x_wconf 88' lang='lat' dir='ltr'>certe,</span> <span class='ocrx_word' id='word_1_164' title='bbox 1216 2368 1244 2433; x_wconf 94' lang='lat' dir='ltr'>si</span> 
     </span>
     <span class='ocr_line' id='line_1_21' title="bbox 74 2473 1248 2560; baseline 0.001 -22"><span class='ocrx_word' id='word_1_165' title='bbox 74 2492 133 2543; x_wconf 92' lang='lat' dir='ltr'>non</span> <span class='ocrx_word' id='word_1_166' title='bbox 158 2477 194 2543; x_wconf 92' lang='lat' dir='ltr'>in</span> <span class='ocrx_word' id='word_1_167' title='bbox 220 2476 290 2543; x_wconf 88' lang='lat' dir='ltr'>dies</span> <span class='ocrx_word' id='word_1_168' title='bbox 313 2476 507 2559; x_wconf 79' lang='lat' dir='ltr'>audivissem</span> <span class='ocrx_word' id='word_1_169' title='bbox 531 2475 621 2542; x_wconf 84' lang='lat' dir='ltr'>brevi</span> <span class='ocrx_word' id='word_1_170' title='bbox 644 2474 790 2542; x_wconf 85' lang='lat' dir='ltr'>futurum</span> <span class='ocrx_word' id='word_1_171' title='bbox 814 2496 884 2541; x_wconf 89' lang='lat' dir='ltr'>esse</span> <span class='ocrx_word' id='word_1_172' title='bbox 908 2475 1074 2560; x_wconf 88' lang='lat' dir='ltr'>quippiam</span> <span class='ocrx_word' id='word_1_173' title='bbox 1093 2477 1102 2514; x_wconf 92' lang='lat'><strong>¹</strong></span> <span class='ocrx_word' id='word_1_174' title='bbox 1143 2473 1248 2540; x_wconf 91' lang='lat' dir='ltr'>admi-</span> 
     </span>
     <span class='ocr_line' id='line_1_22' title="bbox 72 2580 1243 2666; baseline -0.004 -17"><span class='ocrx_word' id='word_1_175' title='bbox 72 2583 202 2649; x_wconf 77' lang='lat' dir='ltr'>ratione</span> <span class='ocrx_word' id='word_1_176' title='bbox 227 2587 261 2648; x_wconf 89' lang='lat' dir='ltr'>et</span> <span class='ocrx_word' id='word_1_177' title='bbox 284 2583 425 2648; x_wconf 91' lang='lat' dir='ltr'>omnium</span> <span class='ocrx_word' id='word_1_178' title='bbox 455 2581 594 2648; x_wconf 89' lang='lat' dir='ltr'>lectione</span> <span class='ocrx_word' id='word_1_179' title='bbox 618 2581 764 2665; x_wconf 79' lang='lat' dir='ltr'>dignum,</span> <span class='ocrx_word' id='word_1_180' title='bbox 796 2582 883 2666; x_wconf 93' lang='lat' dir='ltr'>quod</span> <span class='ocrx_word' id='word_1_181' title='bbox 912 2581 1020 2647; x_wconf 91' lang='lat' dir='ltr'>nescio</span> <span class='ocrx_word' id='word_1_182' title='bbox 1045 2580 1101 2666; x_wconf 91' lang='lat' dir='ltr'>qui</span> <span class='ocrx_word' id='word_1_183' title='bbox 1125 2581 1243 2664; x_wconf 87' lang='lat' dir='ltr'>Peper-</span> 
     </span>
     <span class='ocr_line' id='line_1_23' title="bbox 72 2686 1238 2772; baseline -0.004 -17"><span class='ocrx_word' id='word_1_184' title='bbox 72 2689 216 2768; x_wconf 80' lang='lat' dir='ltr'>pbrones</span> <span class='ocrx_word' id='word_1_185' title='bbox 231 2710 305 2754; x_wconf 88' lang='lat' dir='ltr'>cum</span> <span class='ocrx_word' id='word_1_186' title='bbox 320 2689 604 2772; x_wconf 90' lang='lat' dir='ltr'>suoPepericorno</span> <span class='ocrx_word' id='word_1_187' title='bbox 619 2687 733 2752; x_wconf 86' lang='lat' dir='ltr'>Judaeo</span> <span class='ocrx_word' id='word_1_188' title='bbox 748 2686 805 2752; x_wconf 90' lang='lat' dir='ltr'>illo</span> <span class='ocrx_word' id='word_1_189' title='bbox 822 2686 987 2770; x_wconf 86' lang='lat' dir='ltr'>baptizato</span> <span class='ocrx_word' id='word_1_190' title='bbox 1003 2686 1238 2751; x_wconf 88' lang='lat' dir='ltr'>calumniatore</span> 
     </span>
     <span class='ocr_line' id='line_1_24' title="bbox 72 2792 1246 2878; baseline -0.003 -18"><span class='ocrx_word' id='word_1_191' title='bbox 72 2813 155 2876; x_wconf 85' lang='lat' dir='ltr'>meo,</span> <span class='ocrx_word' id='word_1_192' title='bbox 182 2815 224 2860; x_wconf 85' lang='lat' dir='ltr'>ex</span> <span class='ocrx_word' id='word_1_193' title='bbox 246 2793 508 2878; x_wconf 82' lang='lat' dir='ltr'>profundissimis</span> <span class='ocrx_word' id='word_1_194' title='bbox 532 2792 743 2859; x_wconf 88' lang='lat' dir='ltr'>scientiarum</span> <span class='ocrx_word' id='word_1_195' title='bbox 757 2813 889 2858; x_wconf 88' lang='lat' dir='ltr'>suarum</span> <span class='ocrx_word' id='word_1_196' title='bbox 905 2792 1068 2859; x_wconf 89' lang='lat' dir='ltr'>thesauris</span> <span class='ocrx_word' id='word_1_197' title='bbox 1084 2792 1246 2877; x_wconf 87' lang='lat' dir='ltr'>proferre,</span> 
     </span>
     <span class='ocr_line' id='line_1_25' title="bbox 72 2898 1242 2984; baseline -0.002 -16"><span class='ocrx_word' id='word_1_198' title='bbox 72 2918 208 2968; x_wconf 72' lang='lat' dir='ltr'>ornare</span> <span class='ocrx_word' id='word_1_199' title='bbox 232 2905 265 2966; x_wconf 86' lang='lat' dir='ltr'>et</span> <span class='ocrx_word' id='word_1_200' title='bbox 286 2899 329 2964; x_wconf 89' lang='lat' dir='ltr'>ad</span> <span class='ocrx_word' id='word_1_201' title='bbox 344 2898 493 2965; x_wconf 89' lang='lat' dir='ltr'>incudem</span> <span class='ocrx_word' id='word_1_202' title='bbox 510 2898 647 2965; x_wconf 90' lang='lat' dir='ltr'>reddere</span> <span class='ocrx_word' id='word_1_203' title='bbox 662 2898 903 2983; x_wconf 90' lang='lat' dir='ltr'>pollicerentur,</span> <span class='ocrx_word' id='word_1_204' title='bbox 928 2917 991 2984; x_wconf 88' lang='lat' dir='ltr'>quo</span> <span class='ocrx_word' id='word_1_205' title='bbox 1007 2899 1100 2966; x_wconf 90' lang='lat' dir='ltr'>nobis</span> <span class='ocrx_word' id='word_1_206' title='bbox 1116 2905 1242 2966; x_wconf 90' lang='lat' dir='ltr'>mentes</span> 
     </span>
     <span class='ocr_line' id='line_1_26' title="bbox 72 3003 1248 3091; baseline 0 -19"><span class='ocrx_word' id='word_1_207' title='bbox 72 3004 244 3089; x_wconf 89' lang='lat' dir='ltr'>part-urire</span> <span class='ocrx_word' id='word_1_208' title='bbox 259 3003 487 3089; x_wconf 88' lang='lat' dir='ltr'>suspicandum</span> <span class='ocrx_word' id='word_1_209' title='bbox 499 3005 570 3071; x_wconf 87' lang='lat' dir='ltr'>fuit.</span> <span class='ocrx_word' id='word_1_210' title='bbox 609 3006 677 3088; x_wconf 81' lang='lat' dir='ltr'>Ego</span> <span class='ocrx_word' id='word_1_211' title='bbox 689 3026 764 3071; x_wconf 90' lang='lat' dir='ltr'>vero</span> <span class='ocrx_word' id='word_1_212' title='bbox 772 3006 840 3090; x_wconf 88' lang='lat' dir='ltr'>jam</span> <span class='ocrx_word' id='word_1_213' title='bbox 852 3006 1001 3090; x_wconf 91' lang='lat' dir='ltr'>quintum</span> <span class='ocrx_word' id='word_1_214' title='bbox 1014 3027 1133 3072; x_wconf 89' lang='lat' dir='ltr'>annum</span> <span class='ocrx_word' id='word_1_215' title='bbox 1148 3027 1248 3091; x_wconf 84' lang='lat' dir='ltr'>supra</span> 
     </span>
     <span class='ocr_line' id='line_1_27' title="bbox 72 3110 1248 3194; baseline 0.002 -18"><span class='ocrx_word' id='word_1_216' title='bbox 72 3131 145 3179; x_wconf 76' lang='lat' dir='ltr'>:um</span> <span class='ocrx_word' id='word_1_217' title='bbox 162 3110 276 3177; x_wconf 79' lang='lat' dir='ltr'>Isaia²</span> <span class='ocrx_word' id='word_1_218' title='bbox 292 3113 468 3194; x_wconf 83' lang='lat' dir='ltr'>expectavi,</span> <span class='ocrx_word' id='word_1_219' title='bbox 488 3117 526 3176; x_wconf 92' lang='lat' dir='ltr'>ut</span> <span class='ocrx_word' id='word_1_220' title='bbox 543 3111 689 3177; x_wconf 86' lang='lat' dir='ltr'>facerent</span> <span class='ocrx_word' id='word_1_221' title='bbox 703 3132 792 3191; x_wconf 86' lang='lat' dir='ltr'>uvas,</span> <span class='ocrx_word' id='word_1_222' title='bbox 810 3118 842 3176; x_wconf 92' lang='lat' dir='ltr'>et</span> <span class='ocrx_word' id='word_1_223' title='bbox 858 3111 1005 3177; x_wconf 85' lang='lat' dir='ltr'>lecerunt</span> <span class='ocrx_word' id='word_1_224' title='bbox 1021 3111 1196 3192; x_wconf 88' lang='lat' dir='ltr'>labruscas,</span> <span class='ocrx_word' id='word_1_225' title='bbox 1214 3117 1248 3179; x_wconf 92' lang='lat' dir='ltr'>et</span> 
     </span>
     <span class='ocr_line' id='line_1_28' title="bbox 72 3215 1247 3303; baseline -0.002 -19"><span class='ocrx_word' id='word_1_226' title='bbox 72 3218 235 3284; x_wconf 81' lang='lat' dir='ltr'>abruscis</span> <span class='ocrx_word' id='word_1_227' title='bbox 250 3218 443 3297; x_wconf 89' lang='lat' dir='ltr'>acerbiores,</span> <span class='ocrx_word' id='word_1_228' title='bbox 458 3217 581 3282; x_wconf 90' lang='lat' dir='ltr'>scilicet</span> <span class='ocrx_word' id='word_1_229' title='bbox 594 3216 694 3282; x_wconf 90' lang='lat' dir='ltr'>libros</span> <span class='ocrx_word' id='word_1_230' title='bbox 709 3215 944 3284; x_wconf 88' lang='lat' dir='ltr'>diffamatorios</span> <span class='ocrx_word' id='word_1_231' title='bbox 959 3225 1057 3303; x_wconf 89' lang='lat' dir='ltr'>atque</span> <span class='ocrx_word' id='word_1_232' title='bbox 1069 3216 1247 3283; x_wconf 88' lang='lat' dir='ltr'>aliudnihil</span> 
     </span>
     <span class='ocr_line' id='line_1_29' title="bbox 72 3321 1243 3410; baseline -0.002 -20"><span class='ocrx_word' id='word_1_233' title='bbox 72 3324 159 3410; x_wconf 67' lang='lat' dir='ltr'>pnod</span> <span class='ocrx_word' id='word_1_234' title='bbox 183 3323 232 3389; x_wconf 81' lang='lat' dir='ltr'>vir</span> <span class='ocrx_word' id='word_1_235' title='bbox 254 3321 358 3390; x_wconf 89' lang='lat' dir='ltr'>bonus</span> <span class='ocrx_word' id='word_1_236' title='bbox 372 3322 508 3389; x_wconf 86' lang='lat' dir='ltr'>laudare</span> <span class='ocrx_word' id='word_1_237' title='bbox 526 3322 654 3408; x_wconf 90' lang='lat' dir='ltr'>quidem</span> <span class='ocrx_word' id='word_1_238' title='bbox 669 3328 789 3405; x_wconf 89' lang='lat' dir='ltr'>posset,</span> <span class='ocrx_word' id='word_1_239' title='bbox 814 3323 842 3388; x_wconf 93' lang='lat' dir='ltr'>si</span> <span class='ocrx_word' id='word_1_240' title='bbox 866 3344 963 3407; x_wconf 90' lang='lat' dir='ltr'>quam</span> <span class='ocrx_word' id='word_1_241' title='bbox 979 3323 1118 3389; x_wconf 86' lang='lat' dir='ltr'>maxime</span> <span class='ocrx_word' id='word_1_242' title='bbox 1135 3321 1243 3388; x_wconf 85' lang='lat' dir='ltr'>vellet.</span> 
     </span>
     <span class='ocr_line' id='line_1_30' title="bbox 72 3426 1244 3512; baseline -0.004 -16"><span class='ocrx_word' id='word_1_243' title='bbox 72 3429 185 3496; x_wconf 87' lang='lat' dir='ltr'>Daher</span> <span class='ocrx_word' id='word_1_244' title='bbox 207 3427 291 3495; x_wconf 88' lang='lat' dir='ltr'>habe</span> <span class='ocrx_word' id='word_1_245' title='bbox 316 3451 352 3495; x_wconf 91' lang='lat' dir='ltr'>er</span> <span class='ocrx_word' id='word_1_246' title='bbox 368 3427 437 3494; x_wconf 91' lang='lat' dir='ltr'>sich</span> <span class='ocrx_word' id='word_1_247' title='bbox 460 3450 525 3494; x_wconf 92' lang='lat' dir='ltr'>nun</span> <span class='ocrx_word' id='word_1_248' title='bbox 542 3427 772 3508; x_wconf 90' lang='lat' dir='ltr'>entschlossen,</span> <span class='ocrx_word' id='word_1_249' title='bbox 797 3428 868 3493; x_wconf 89' lang='lat' dir='ltr'>eine</span> <span class='ocrx_word' id='word_1_250' title='bbox 892 3427 1033 3512; x_wconf 83' lang='lat' dir='ltr'>ausgabe</span> <span class='ocrx_word' id='word_1_251' title='bbox 1051 3427 1109 3493; x_wconf 91' lang='lat' dir='ltr'>der</span> <span class='ocrx_word' id='word_1_252' title='bbox 1133 3426 1244 3493; x_wconf 85' lang='lat' dir='ltr'>siebcn</span> 
     </span>
     <span class='ocr_line' id='line_1_31' title="bbox 72 3532 1246 3627; baseline -0.004 -25"><span class='ocrx_word' id='word_1_253' title='bbox 72 3535 299 3621; x_wconf 86' lang='lat' dir='ltr'>busspsalmen</span> <span class='ocrx_word' id='word_1_254' title='bbox 322 3534 383 3600; x_wconf 93' lang='lat' dir='ltr'>mit</span> <span class='ocrx_word' id='word_1_255' title='bbox 405 3555 550 3618; x_wconf 82' lang='lat' dir='ltr'>genauen</span> <span class='ocrx_word' id='word_1_256' title='bbox 574 3537 669 3598; x_wconf 74' lang='lat' dir='ltr'>wore</span> <span class='ocrx_word' id='word_1_257' title='bbox 698 3534 764 3599; x_wconf 90' lang='lat' dir='ltr'>und</span> <span class='ocrx_word' id='word_1_258' title='bbox 788 3532 1082 3627; x_wconf 73' lang='lat' dir='ltr'>sacherkl&#39;arungen</span> <span class='ocrx_word' id='word_1_259' title='bbox 1114 3555 1153 3598; x_wconf 86' lang='lat' dir='ltr'>zu</span> <span class='ocrx_word' id='word_1_260' title='bbox 1175 3553 1246 3597; x_wconf 83' lang='lat' dir='ltr'>ver·</span> 
     </span>
     <span class='ocr_line' id='line_1_32' title="bbox 72 3637 1104 3725; baseline -0.005 -18"><span class='ocrx_word' id='word_1_261' title='bbox 72 3640 291 3709; x_wconf 82' lang='lat' dir='ltr'>iffentlichen.</span> <span class='ocrx_word' id='word_1_262' title='bbox 356 3639 569 3725; x_wconf 87' lang='lat' dir='ltr'>Stntgardiae,</span> <span class='ocrx_word' id='word_1_263' title='bbox 602 3638 665 3703; x_wconf 89' lang='lat' dir='ltr'>kal.</span> <span class='ocrx_word' id='word_1_264' title='bbox 702 3637 877 3704; x_wconf 86' lang='lat' dir='ltr'>Sextilibus</span> <span class='ocrx_word' id='word_1_265' title='bbox 900 3659 984 3704; x_wconf 88' lang='lat' dir='ltr'>anno</span> <span class='ocrx_word' id='word_1_266' title='bbox 1010 3643 1104 3703; x_wconf 81' lang='lat'>1512.</span> 
     </span>
    </p>

    <p class='ocr_par' dir='ltr' id='par_1_3' title="bbox 72 3747 1245 3936">
     <span class='ocr_line' id='line_1_33' title="bbox 163 3747 1245 3825; baseline -0.004 -14"><span class='ocrx_word' id='word_1_267' title='bbox 163 3749 326 3811; x_wconf 85' lang='lat' dir='ltr'>Gedruckt:</span> <span class='ocrx_word' id='word_1_268' title='bbox 359 3750 474 3825; x_wconf 88' lang='lat' dir='ltr'>Septem</span> <span class='ocrx_word' id='word_1_269' title='bbox 505 3751 607 3825; x_wconf 88' lang='lat' dir='ltr'>psalmi</span> <span class='ocrx_word' id='word_1_270' title='bbox 637 3748 851 3823; x_wconf 86' lang='lat' dir='ltr'>poenitentiales</span> <span class='ocrx_word' id='word_1_271' title='bbox 884 3749 979 3808; x_wconf 83' lang='lat'>1512·</span> <span class='ocrx_word' id='word_1_272' title='bbox 1002 3747 1071 3824; x_wconf 83' lang='lat' dir='ltr'>[ng.</span> <span class='ocrx_word' id='word_1_273' title='bbox 1103 3747 1245 3810; x_wconf 89' lang='lat' dir='ltr'>Reuchlin</span> 
     </span>
     <span class='ocr_line' id='line_1_34' title="bbox 72 3851 346 3936; baseline -0.022 -17"><span class='ocrx_word' id='word_1_274' title='bbox 72 3875 93 3919; x_wconf 88' lang='lat' dir='ltr'>s.</span> <span class='ocrx_word' id='word_1_275' title='bbox 115 3858 193 3935; x_wconf 81' lang='lat'>133,</span> <span class='ocrx_word' id='word_1_276' title='bbox 210 3872 237 3916; x_wconf 87' lang='lat' dir='ltr'>a.</span> <span class='ocrx_word' id='word_1_277' title='bbox 255 3859 275 3915; x_wconf 88' lang='grc'>4</span> <span class='ocrx_word' id='word_1_278' title='bbox 291 3851 346 3936; x_wconf 80' lang='lat' dir='ltr'><strong>ff.].</strong></span> 
     </span>
    </p>

    <p class='ocr_par' dir='ltr' id='par_1_4' title="bbox 651 3953 669 3995">
     <span class='ocr_line' id='line_1_35' title="bbox 651 3953 669 3995; baseline 0 0"><span class='ocrx_word' id='word_1_279' title='bbox 651 3953 669 3995; x_wconf 76' lang='lat' dir='ltr'>e</span> 
     </span>
    </p>

    <p class='ocr_par' dir='ltr' id='par_1_5' title="bbox 72 4039 1246 4288">
     <span class='ocr_line' id='line_1_36' title="bbox 143 4039 1246 4114; baseline -0.006 -17"><span class='ocrx_word' id='word_1_280' title='bbox 143 4052 154 4097; x_wconf 87' lang='lat'>1</span> <span class='ocrx_word' id='word_1_281' title='bbox 178 4045 328 4114; x_wconf 81' lang='lat' dir='ltr'>Quippiam]</span> <span class='ocrx_word' id='word_1_282' title='bbox 348 4047 394 4098; x_wconf 92' lang='lat' dir='ltr'>Ich</span> <span class='ocrx_word' id='word_1_283' title='bbox 419 4045 568 4110; x_wconf 83' lang='lat' dir='ltr'>vermnthe,</span> <span class='ocrx_word' id='word_1_284' title='bbox 594 4045 655 4096; x_wconf 86' lang='lat' dir='ltr'>dass</span> <span class='ocrx_word' id='word_1_285' title='bbox 680 4046 801 4095; x_wconf 86' lang='lat' dir='ltr'>darunter</span> <span class='ocrx_word' id='word_1_286' title='bbox 829 4043 875 4094; x_wconf 86' lang='lat' dir='ltr'>der</span> <span class='ocrx_word' id='word_1_287' title='bbox 900 4041 961 4110; x_wconf 85' lang='lat' dir='ltr'>plan</span> <span class='ocrx_word' id='word_1_288' title='bbox 987 4039 1164 4093; x_wconf 80' lang='lat' dir='ltr'>Pfcfferlrorns</span> <span class='ocrx_word' id='word_1_289' title='bbox 1189 4054 1246 4090; x_wconf 82' lang='lat' dir='ltr'>ven·</span> 
     </span>
     <span class='ocr_line' id='line_1_37' title="bbox 72 4128 1245 4202; baseline -0.008 -16"><span class='ocrx_word' id='word_1_290' title='bbox 72 4133 181 4188; x_wconf 70' lang='lat' dir='ltr'>standan</span> <span class='ocrx_word' id='word_1_291' title='bbox 200 4136 250 4200; x_wconf 86' lang='lat' dir='ltr'>ist,</span> <span class='ocrx_word' id='word_1_292' title='bbox 271 4135 313 4185; x_wconf 83' lang='lat' dir='ltr'>dia</span> <span class='ocrx_word' id='word_1_293' title='bbox 332 4135 495 4202; x_wconf 78' lang='lat' dir='ltr'>evangelicu</span> <span class='ocrx_word' id='word_1_294' title='bbox 508 4135 550 4185; x_wconf 89' lang='lat' dir='ltr'>ins</span> <span class='ocrx_word' id='word_1_295' title='bbox 570 4133 734 4186; x_wconf 81' lang='lat' dir='ltr'>Hebrltische</span> <span class='ocrx_word' id='word_1_296' title='bbox 753 4148 786 4183; x_wconf 83' lang='lat' dir='ltr'>zu</span> <span class='ocrx_word' id='word_1_297' title='bbox 805 4133 966 4194; x_wconf 83' lang='lat' dir='ltr'>tibersataen,</span> <span class='ocrx_word' id='word_1_298' title='bbox 986 4130 1035 4180; x_wconf 89' lang='lat' dir='ltr'>den</span> <span class='ocrx_word' id='word_1_299' title='bbox 1055 4129 1141 4179; x_wconf 86' lang='lat' dir='ltr'>dieser</span> <span class='ocrx_word' id='word_1_300' title='bbox 1160 4128 1245 4178; x_wconf 87' lang='lat' dir='ltr'>sehon</span> 
     </span>
     <span class='ocr_line' id='line_1_38' title="bbox 72 4215 1245 4288; baseline -0.008 -14"><span class='ocrx_word' id='word_1_301' title='bbox 72 4239 94 4274; x_wconf 87' lang='grc' dir='ltr'>ιι</span> <span class='ocrx_word' id='word_1_302' title='bbox 112 4224 207 4275; x_wconf 84' lang='lat' dir='ltr'>seinen</span> <span class='ocrx_word' id='word_1_303' title='bbox 225 4231 312 4275; x_wconf 82' lang='lat' dir='ltr'>ersten</span> <span class='ocrx_word' id='word_1_304' title='bbox 329 4223 456 4275; x_wconf 78' lang='lat' dir='ltr'>schrilteu</span> <span class='ocrx_word' id='word_1_305' title='bbox 478 4225 558 4285; x_wconf 81' lang='lat'>1507,</span> <span class='ocrx_word' id='word_1_306' title='bbox 587 4223 654 4275; x_wconf 80' lang='lat'>1508</span> <span class='ocrx_word' id='word_1_307' title='bbox 678 4220 891 4288; x_wconf 83' lang='lat' dir='ltr'>ausgesprochen</span> <span class='ocrx_word' id='word_1_308' title='bbox 911 4220 996 4283; x_wconf 85' lang='lat' dir='ltr'>batte,</span> <span class='ocrx_word' id='word_1_309' title='bbox 1016 4218 1083 4269; x_wconf 89' lang='lat' dir='ltr'>ohne</span> <span class='ocrx_word' id='word_1_310' title='bbox 1102 4216 1148 4266; x_wconf 88' lang='lat' dir='ltr'>ibn</span> <span class='ocrx_word' id='word_1_311' title='bbox 1167 4215 1245 4278; x_wconf 91' lang='lat' dir='ltr'>doch,</span> 
     </span>
    </p>
   </div>
   <div class='ocr_carea' id='block_1_3' title="bbox 72 4305 1243 4468">
    <p class='ocr_par' dir='ltr' id='par_1_6' title="bbox 72 4305 1243 4468">
     <span class='ocr_line' id='line_1_39' title="bbox 72 4305 1243 4377; baseline -0.005 -15"><span class='ocrx_word' id='word_1_312' title='bbox 72 4313 116 4363; x_wconf 74' lang='lat' dir='ltr'>uie</span> <span class='ocrx_word' id='word_1_313' title='bbox 135 4327 165 4363; x_wconf 79' lang='lat' dir='ltr'>es</span> <span class='ocrx_word' id='word_1_314' title='bbox 185 4311 289 4365; x_wconf 88' lang='lat' dir='ltr'>scheint</span> <span class='ocrx_word' id='word_1_315' title='bbox 302 4311 391 4362; x_wconf 80' lang='lat' dir='ltr'>erfdllt</span> <span class='ocrx_word' id='word_1_316' title='bbox 410 4327 443 4362; x_wconf 81' lang='lat' dir='ltr'>zu</span> <span class='ocrx_word' id='word_1_317' title='bbox 456 4312 541 4364; x_wconf 90' lang='lat' dir='ltr'>haben</span> <span class='ocrx_word' id='word_1_318' title='bbox 560 4310 614 4377; x_wconf 75' lang='lat' dir='ltr'>agl.</span> <span class='ocrx_word' id='word_1_319' title='bbox 629 4311 715 4361; x_wconf 85' lang='lat' dir='ltr'>meino</span> <span class='ocrx_word' id='word_1_320' title='bbox 730 4308 893 4373; x_wconf 80' lang='lat' dir='ltr'>bemerkung</span> <span class='ocrx_word' id='word_1_321' title='bbox 906 4307 943 4356; x_wconf 88' lang='lat' dir='ltr'>im</span> <span class='ocrx_word' id='word_1_322' title='bbox 955 4308 1104 4372; x_wconf 82' lang='lat' dir='ltr'>Serapeum,</span> <span class='ocrx_word' id='word_1_323' title='bbox 1119 4305 1243 4371; x_wconf 79' lang='lat' dir='ltr'>herausg.</span> 
     </span>
     <span class='ocr_line' id='line_1_40' title="bbox 72 4392 1066 4468; baseline -0.006 -16"><span class='ocrx_word' id='word_1_324' title='bbox 72 4413 118 4452; x_wconf 81' lang='lat' dir='ltr'>ron</span> <span class='ocrx_word' id='word_1_325' title='bbox 139 4400 169 4450; x_wconf 85' lang='lat' dir='ltr'>R.</span> <span class='ocrx_word' id='word_1_326' title='bbox 183 4399 332 4463; x_wconf 82' lang='lat' dir='ltr'>Naumann,</span> <span class='ocrx_word' id='word_1_327' title='bbox 350 4399 462 4468; x_wconf 78' lang='lat' dir='ltr'>Leipzig</span> <span class='ocrx_word' id='word_1_328' title='bbox 483 4401 558 4462; x_wconf 86' lang='lat'>1868,</span> <span class='ocrx_word' id='word_1_329' title='bbox 578 4415 599 4450; x_wconf 91' lang='lat' dir='ltr'>s.</span> <span class='ocrx_word' id='word_1_330' title='bbox 622 4402 670 4450; x_wconf 86' lang='grc'>193</span> <span class='ocrx_word' id='word_1_331' title='bbox 688 4399 730 4450; x_wconf 89' lang='lat' dir='ltr'>bis</span> <span class='ocrx_word' id='word_1_332' title='bbox 753 4400 810 4450; x_wconf 82' lang='grc'><strong>197.</strong></span> <span class='ocrx_word' id='word_1_333' title='bbox 885 4400 899 4447; x_wconf 82' lang='lat'>2</span> <span class='ocrx_word' id='word_1_334' title='bbox 918 4392 975 4447; x_wconf 78' lang='lat' dir='ltr'>des.</span> <span class='ocrx_word' id='word_1_335' title='bbox 995 4396 1020 4459; x_wconf 78' lang='lat' dir='ltr'>b,</span> <span class='ocrx_word' id='word_1_336' title='bbox 1040 4396 1066 4446; x_wconf 82' lang='lat'>2.</span> 
     </span>
    </p>
   </div>
   <div class='ocr_carea' id='block_1_4' title="bbox 0 0 1374 4898">
    <p class='ocr_par' dir='ltr' id='par_1_7' title="bbox 0 0 1374 4898">
     <span class='ocr_line' id='line_1_41' title="bbox 0 0 1374 4898; baseline 0 0"><span class='ocrx_word' id='word_1_337' title='bbox 0 0 1374 4898; x_wconf 95' lang='lat' dir='ltr'> </span> 
     </span>
    </p>
   </div>
  </div>
 </body>
</html>
