2716 4898
645 250 713 316 212

95 458 170 518 una,
201 444 236 503 et
267 438 454 524 religiosum
483 438 619 506 fratrem
641 439 803 508 Jaeobum
831 443 872 509 de
895 443 1139 526 Hochstraten,
1168 464 1260 511 sacra

96 545 267 630 theologiae
298 553 332 611 et
365 546 490 612 ordinis
525 549 777 632 praedicatorum
809 549 1032 634 professorem
1054 557 1090 617 et
1112 551 1145 617 in
1170 551 1258 616 certis

96 653 270 736 provinciis
286 653 487 719 Germanica
502 654 644 720 nationis
659 654 822 720 haeretica
838 657 1011 740 pravitatis
1027 657 1257 742 inquisitorem,

96 760 246 843 partibus
278 781 318 825 ex
347 760 469 841 altera,
500 760 541 826 de
573 768 608 826 et
637 783 737 846 snper
767 762 910 846 quodam
940 762 1072 842 libello,
1101 761 1259 847 speculum

96 865 227 932 oculme
251 875 448 951 nuncupato,
471 888 510 932 ac
532 889 593 952 per
615 868 788 952 praefatum
810 868 977 934 dominum
995 867 1182 935 Juhaunem
1197 868 1259 934 due

96 978 201 1038 torem
217 973 317 1053 edito,
340 973 433 1039 nobis
450 973 631 1058 apostoliea
644 974 842 1040 auctoritate
861 976 873 1013 ¹
888 974 1082 1058 specialiter
1098 975 1263 1042 commissa

96 1085 130 1142 et
152 1101 262 1145 coram
285 1079 379 1146 nubis
401 1079 547 1146 indecisa
568 1079 742 1165 pendente,
772 1079 854 1146 bene
877 1080 976 1147 fnisse
1002 1087 1037 1148 et
1060 1102 1135 1148 esse
1158 1079 1256 1166 appel

97 1184 201 1250 latum
225 1192 258 1251 et
280 1185 415 1252 nulliter
437 1207 636 1271 processum

184 1292 339 1357 Necnon
362 1290 537 1358 libellum²
566 1291 707 1359 ocnhris
730 1292 859 1378 Speculi
881 1290 1086 1358 antedictum
1110 1312 1184 1358 cnm
1206 1311 1253 1358 sue

97 1397 262 1464 annexa⁸
293 1396 512 1464 declaratione
544 1399 579 1464 in
606 1399 689 1464 actis
718 1419 825 1464 eansae
860 1397 1045 1484 hujusmodi
1077 1396 1250 1477 deductum,

98 1526 171 1571 cnm
202 1528 242 1571 ex
270 1504 491 1571 declaratione
523 1511 558 1569 et
591 1503 760 1572 declarato
788 1506 832 1572 sit
853 1526 936 1571 nnus
959 1511 994 1570 et
1014 1504 1105 1570 idem
1128 1504 1210 1571 liber
1228 1509 1252 1568 et

97 1613 271 1697 suiipsius
300 1611 532 1691 declarativas,
564 1631 585 1677 a
611 1611 749 1695 praefato
780 1610 909 1677 domino
931 1610 1084 1677 Johanne
1108 1609 1251 1676 Reuchlin

96 1718 229 1785 doctore
253 1719 472 1803 compilatum,
495 1724 533 1783 ut
547 1718 729 1802 praefertur,
752 1725 851 1803 atque
867 1717 1001 1797 editum,
1025 1715 1066 1782 de
1083 1716 1252 1801 suspicione

96 1832 196 1909 atque
226 1825 467 1891 insimulatione
498 1824 659 1891 hereticae
691 1825 865 1911 pravitatis
903 1824 1040 1909 aliisque
1078 1821 1252 1888 criminibus

96 1931 158 1997 sibi
182 1952 242 2015 per
264 1931 399 1997 fratrem
422 1931 582 1998 lacobum
610 1932 813 1999 antedictum
841 1930 903 1995 bae
930 1930 963 1995 in
992 1949 1093 1995 eausa
1116 1927 1251 1994 adversa·

96 2036 179 2102 rium
204 2058 243 2101 ex
265 2037 402 2103 adverso
425 2037 638 2124 principalem
662 2039 832 2122 eidemque
863 2035 1082 2115 adhaerentes,
1111 2032 1250 2112 indebite,

96 2144 271 2208 temerarie
303 2149 337 2208 et
360 2143 499 2230 injuste,
533 2145 638 2211 tacita
671 2146 810 2211 veritate
842 2141 942 2209 luisse
966 2146 1000 2207 et
1022 2161 1094 2206 esse
1117 2145 1250 2206 notatum

95 2256 195 2335 atque
226 2247 447 2330 diffamatum,
477 2250 606 2336 sibique
634 2250 730 2316 fratri
759 2249 883 2317 Jacobs
913 2256 948 2316 et
970 2247 1077 2313 eidem
1101 2245 1251 2313 adhaeren-

94 2358 183 2425 tibus
206 2365 264 2424 aut
287 2379 348 2424 sua
370 2357 562 2442 quoslibet⁴
584 2358 743 2445 interesse
758 2356 880 2423 habere
895 2355 1097 2441 putantibus,
1121 2352 1250 2419 diffama

94 2466 215 2532 tionem
234 2463 247 2504 ⁵
271 2472 305 2530 et
327 2465 563 2530 incusationem
586 2463 695 2531 facere
719 2470 754 2530 et
775 2462 945 2549 publicare
968 2460 1099 2526 minime
1128 2458 1249 2533 licuisse,

94 2593 199 2657 neque
222 2572 335 2651 licere,
364 2576 398 2636 et
428 2570 551 2636 eisdem
581 2569 730 2636 omnibus
753 2567 954 2635 adversariis
977 2572 1013 2632 et
1036 2565 1170 2650 singulis
1192 2560 1248 2630 aliis

94 2699 193 2762 super
226 2677 403 2762 praemissis
436 2684 630 2763 perpetuum
667 2676 832 2744 silentium
865 2671 1098 2760 imponendum
1121 2671 1190 2738 fore
1223 2670 1248 2732 et

96 2784 300 2870 imponimus.

184 2890 318 2956 Necnon
348 2890 421 2976 pari
454 2895 568 2958 nostra
601 2888 769 2956 diffinitiva
801 2887 963 2956 sententia
998 2883 1200 2953 decernimus
1224 2881 1248 2944 et

96 2993 300 3062 declaramus
327 3019 426 3083 super
456 2997 657 3064 nominatum
680 2994 826 3061 libellum
849 3016 923 3061 cnm
946 2993 1015 3079 ejus
1043 2988 1248 3058 declaratione

96 3121 232 3182 annexa,
255 3109 293 3168 ut
315 3102 498 3187 prefertur,
521 3101 643 3168 nullam
665 3101 815 3168 haeresim
829 3105 888 3166 aut
903 3119 995 3165 error
1003 3119 1055 3164 em
1071 3097 1114 3162 ab
1131 3091 1250 3162 eeclesia

96 3207 226 3293 publice
254 3206 444 3275 damnatum
474 3208 646 3275 manifeste
679 3227 795 3293 sapere
832 3212 890 3273 ant
922 3204 1107 3285 continere,
1135 3195 1250 3288 perfidia

95 3313 219 3380 Judaeis
241 3336 306 3382 uon
328 3315 402 3400 plus
425 3335 523 3401 quam
546 3314 671 3395 deceat,
694 3319 753 3380 aut
770 3313 848 3398 jura
870 3311 1079 3397 permittant,
1103 3301 1251 3374 lavorabi-

96 3419 161 3486 lem
193 3420 275 3502 fure,
309 3428 367 3488 aut
395 3420 540 3488 ecclesia
572 3420 639 3501 dei,
672 3440 731 3487 seu
763 3418 867 3487 sacris
900 3415 1045 3503 ejnsdem
1075 3409 1249 3481 doctoribus

96 3546 202 3612 neque
224 3527 415 3613 injuriosum
447 3547 553 3612 neque
580 3524 859 3594 irreverentialem
883 3543 972 3602 esse,
995 3527 1029 3588 et
1051 3519 1095 3587 ab
1119 3514 1251 3584 omuibus

97 3632 203 3716 ipsum
227 3633 358 3700 oculare
382 3633 549 3718 speculum
573 3655 646 3699 eum
671 3633 742 3718 ejus
766 3651 893 3699 annexa
915 3625 1147 3707 declaratione,
1170 3640 1251 3710 quam

95 3737 129 3802 in
153 3737 286 3824 siugulis
309 3740 514 3824 conjunctam
538 3760 612 3805 cum
635 3737 745 3806 libello
765 3744 803 3804 et
825 3735 999 3823 repetitam
1023 3730 1251 3802 essevolumus

95 3842 158 3929 legi
182 3851 216 3911 et
238 3845 398 3930 publicari
421 3867 532 3932 posse,
561 3841 783 3913 diffamatione
806 3844 840 3912 iu
864 3838 1065 3910 contrarium
1088 3835 1132 3906 ab
1155 3835 1252 3905 adver·

97 3950 191 4020 seriis
216 3950 358 4021 deducta
380 3971 445 4021 uon
468 3951 629 4022 obstante.

666 4109 686 4148 ὓ

171 4225 183 4274 1
205 4221 354 4275 saturitate
373 4222 415 4276 23.
488 4222 503 4273 2
522 4218 588 4273 Hier
604 4217 715 4290 beginnt
728 4223 756 4270 4:
775 4216 994 4287 Pronunciamns,
1009 4211 1174 4268 decernimus
1186 4215 1208 4263 et
1218 4201 1251 4258 dr

97 4310 236 4378 claranus,
253 4311 433 4366 libellum...
509 4313 523 4361 3
543 4310 652 4363 Adnexa
665 4309 689 4362 5.
764 4312 780 4358 4
800 4307 924 4373 Quolibet
944 4309 958 4358 3
978 4301 1177 4372 quomodolibet
1194 4295 1251 4351 bb

99 4399 335 4453 bDitl'amntiones
354 4406 402 4452 etc.
423 4402 447 4451 4.
468 4400 493 4452 ὁ.
