2716 4898
654 319 722 384 290

106 508 315 594 singulariter
342 509 436 575 nobis
465 509 602 589 dilecte,
634 508 742 575 divino
765 528 900 575 munere
921 509 970 574 ita
992 509 1112 590 crevit,
1143 516 1181 576 ut
1201 509 1275 576 nihil

106 637 189 702 pene
213 617 331 701 magis,
360 615 411 681 vel
433 616 727 700 inpraesentiarum,
760 613 810 679 rel
832 614 865 680 in
896 621 1064 699 posterum
1088 637 1188 701 quam
1209 637 1276 700 prc-

106 722 258 789 iessorect
276 743 373 788 unum
397 727 497 806 atque
520 720 661 786 alterum
677 741 791 804 grecae
814 727 848 786 et
870 720 1032 788 hebraicae
1057 722 1177 806 lingna
1200 722 1275 788 desi·

106 827 207 893 deret
254 828 434 894 Statuimus
466 828 580 911 igitur,
616 828 685 892 Deo
716 826 883 910 adjutore,
911 848 952 892 ne
984 827 1019 892 in
1059 827 1123 894 bac
1151 827 1274 913 quiden

107 940 203 1018 parte
226 932 382 999 studiosis
412 938 445 999 et
475 931 691 1016 presentibus
715 938 749 997 et
774 931 892 997 futuris
916 931 1048 1012 deesse,
1076 933 1140 1000 sed
1159 932 1275 1018 jndicio

106 1046 174 1120 tuo,
188 1046 226 1106 ut
240 1039 301 1104 tiri
317 1038 527 1105 eruditissimi
544 1038 751 1123 et=ejusmodi
767 1059 878 1102 rerum
892 1038 1096 1121 peritissimi,
1111 1039 1273 1105 instituere

106 1145 277 1211 lectionem
312 1145 481 1229 utriusque
502 1145 633 1229 linguae
662 1151 695 1210 et
718 1163 829 1228 graecee
853 1149 887 1207 et
909 1136 1072 1210 hebraicae
1096 1144 1130 1209 in
1154 1165 1273 1231 gymno·

107 1253 156 1316 sio
178 1257 290 1317 nostro
304 1251 458 1317 literaria.
485 1252 678 1316 Persuasum
703 1249 788 1314 enim
804 1247 972 1328 babemus,
995 1254 1029 1314 te
1052 1270 1116 1333 pro
1138 1255 1200 1316 tua
1222 1251 1271 1316 sin

106 1356 211 1440 gulari
241 1376 321 1440 erga
342 1377 400 1422 nos
423 1361 556 1441 tuaque<
574 1355 737 1421 constanti
768 1340 993 1421 benevolentia
1015 1355 1107 1421 istud
1130 1355 1271 1422 daturum

106 1461 247 1529 libenter
268 1469 305 1527 ut
329 1462 431 1542 nobis,
454 1462 502 1527 ita
525 1461 686 1528 communi
710 1459 896 1544 reipublice
922 1459 1086 1527 literaria.

200 1561 406 1653 Quapropter
429 1567 492 1633 abs
519 1574 552 1633 te
576 1565 782 1632 vehementer
806 1566 962 1650 petimus,
1005 1574 1041 1633 ut
1065 1566 1126 1634 des
1149 1585 1266 1653 operam

106 1680 145 1739 ut
174 1671 255 1739 duos
279 1664 432 1757 ⁸'eruditos
463 1673 549 1738 viros
580 1693 820 1763 consequamur
854 1693 990 1756 quorum
1020 1673 1112 1741 alter
1139 1674 1265 1758 linguan

108 1775 271 1863 graecam,
294 1779 378 1846 alter
410 1777 596 1844 hebraicam
633 1778 749 1862 singuli
782 1776 924 1861 singulas
949 1777 1055 1845 'bores
1084 1779 1265 1848 cottidiein

106 1885 168 1951 b'sc
191 1891 305 1952 nostra
327 1884 496 1950 academia
526 1883 667 1950 fideliter
696 1891 796 1968 atque
822 1882 995 1968 diligenter
1017 1883 1131 1969 legant
1154 1893 1189 1952 et
1208 1899 1265 1970 pto

45 2005 46 2010 ’
105 1989 269 2069 fiteantur,
282 1990 342 2056 ⁴tel
359 1991 387 2056 si
404 1990 484 2055 duos
501 1990 638 2074 adipisci
660 2011 723 2054 non
741 1989 912 2074 possimus,
935 2011 1034 2056 unum
1050 1990 1169 2057 saltem
1185 1988 1265 2058 habe

107 2100 199 2162 amus
223 2096 279 2180 qtti
302 2102 463 2181 utranque
486 2116 623 2180 graecam
648 2101 683 2160 et
704 2094 893 2161 hebraicam
917 2095 1059 2180 linguam
1083 2096 1132 2163 ita
1155 2097 1264 2175 calloet,

107 2209 144 2268 ut
155 2200 301 2286 profiteri
318 2203 420 2287 pessit
436 2222 563 2286 nosque
579 2201 735 2266 certiores
751 2201 852 2267 iacias
867 2202 971 2285 primo
987 2202 1119 2288 qnoque
1135 2209 1264 2288 tempos

106 2330 166 2392 per
188 2309 302 2374 literas
320 2315 399 2374 tuas
430 2308 569 2374 Antonio
592 2302 721 2372 -Tucber
751 2307 871 2373 seniori
893 2305 1153 2392 Nursmbergam
1176 2315 1264 2375 trans

105 2413 376 2498 mittendasque
407 2413 557 2480 mercede
588 2434 691 2498 quove
723 2412 849 2479 salario·
874 2413 1010 2478 conduci
1041 2413 1141 2480 velint
1165 2433 1262 2479 annuo.

106 2520 191 2585 Hoc
211 2520 297 2610 enim
328 2520 390 2585 erit
428 2541 491 2584 non
507 2518 624 2584 'solum
663 2519 755 2584 nobis
778 2519 1011 2602 gratissimum,
1041 2519 1100 2584 sed
1124 2518 1263 2586 studiosis

105 2627 253 2693 omnibus
276 2625 369 2710 longe
394 2626 533 2691 omnium
559 2631 592 2691 et
615 2625 854 2708 optatissimum
879 2631 913 2689 et
935 2623 1153 2692 utilissimum.

133 2755 136 2765 ¹
195 2733 332 2798 Gratum
349 2732 448 2798 etiam
470 2731 563 2797 nobis
579 2731 687 2810 tuerit,
703 2718 878 2815 siquando
895 2751 935 2795 ex
950 2730 1054 2796 literis
1071 2731 1138 2797 tuis
1154 2736 1262 2797 statum

105 2856 211 2904 causa
235 2844 300 2904 tuae
323 2837 516 2921 intelligere:
540 2858 650 2904 sumus
674 2837 759 2902 enim
776 2836 838 2901 tibi'
859 2856 922 2900 non
939 2836 1055 2900 minius
1079 2856 1177 2920 quam
1201 2835 1261 2900 bac·

61 2982 63 2986 ·
105 2949 201 3008 tenus
238 2943 356 3032 fuimus
375 2952 377 2957 ’
394 2942 504 3009 multis
533 2941 716 3008 nominibus
749 2926 983 3026 gratiosissime
1020 2940 1152 3007 adlecti
1199 2939 1263 3021 Vale

105 3048 252 3114 feliciter.
291 3050 426 3114 ilatum
445 3049 489 3112 'in
517 3068 593 3114 arce
624 3041 737 3114 nostra
768 3045 1055 3131 Wittcttberg'die
1085 3052 1128 3115 30
1158 3044 1262 3114 mensis

104 3154 216 3221 Martii
242 3159 336 3220 1518.
1085 3168 1089 3176 '

134 3293 137 3300 ·
253 3284 254 3289 κ
727 3290 732 3297 -
857 3276 859 3282 ·
991 3241 1189 3309 Fride'ricus.

191 3338 313 3412 autogr.
330 3356 372 3394 =
388 3338 426 3396 im
449 3336 477 3397 k.
502 3343 595 3398 wttrtt.
621 3335 686 3411 geh.
711 3335 796 3398 baus-
820 3335 879 3397 und
907 3335 1100 3397 staatsarchir
1123 3339 1154 3410 in
1184 3334 1261 3396 stutt-

107 3451 183 3518 gart,
207 3443 308 3503 rubtilt
332 3442 468 3503 Sachsen.

621 3566 759 3633 CCLIll.

177 3658 316 3726 stuttgart.
1028 3658 1142 3726 5Aprtl
1165 3656 1233 3709 1518.

101 3746 291 3822 Bilibaldo
310 3745 596 3852 PirckheimerO,
616 3745 772 3847 patricio
792 3744 1127 3846 Nurembergensi,
1155 3744 1262 3822 amico

343 3897 408 3945 suo
437 3853 672 3969 integerrimo
702 3881 737 3942 et
765 3868 1035 3944 colendissimo,

191 4001 334 4068 Salutem
360 4002 397 4066 D.
421 4001 455 4066 P.
500 4002 588 4067 Deus
613 4022 688 4068 ecce
712 3998 802 4074 deus.
848 4000 896 4066 Ut
917 3999 997 4065 milti
1019 3999 1131 4066 videre
1156 3997 1264 4075 videor,

100 4106 162 4173 hoc
185 4091 273 4173 certe
297 4093 356 4173 Dei
380 4095 664 4190 predestinatione
687 4105 808 4171 fectum
833 4111 900 4184 est,
930 4110 967 4171 ut
996 4096 1264 4171 intercedentibus

99 4211 292 4298 quibusdam
328 4212 442 4277 mediis
473 4212 533 4278 hoc
564 4233 663 4296 genus
695 4211 925 4277 daemoniorum
958 4208 1119 4297 ejiciatur.
1166 4208 1264 4276 Multo

96 4316 165 4402 jam
195 4301 340 4402 tempore
376 4318 480 4383 multa
513 4319 603 4402 passi
640 4324 716 4384 sunt
755 4316 843 4383 mala
880 4317 1035 4402 episcopi,
1075 4312 1264 4407 sacerdotes,

87 4424 241 4508 plebani,
277 4423 455 4508 seculares,
493 4421 602 4490 clerici
640 4428 674 4489 et
706 4443 818 4491 omnes
848 4422 988 4494 ntorum
1021 4422 1173 4495 cadim
1207 4420 1265 4488 ita·
1310 4492 1311 4495 ,
