2716 4898
659 318 723 385 194

100 529 176 574 num
200 508 354 575 transtuli
381 526 456 576 eum
479 503 668 593 prolatione
690 506 821 574 honoris
839 509 860 573 ¹.
905 509 988 576 Eum
1011 507 1159 576 libellum
1182 509 1256 576 chal·

101 614 283 698 ecgraphus
318 612 426 681 adbuc
458 633 563 698 usque
594 612 691 680 bodie
724 621 802 698 typo
832 615 990 699 imprimit
1029 614 1074 681 ad
1108 616 1256 683 nundinas

101 719 266 803 proximas
290 716 619 805 Franooplrordieusis
642 738 757 785 venum
780 719 947 787 ducturus
991 719 1088 788 Unde
1119 742 1183 787 nun
1208 721 1257 787 du·

102 824 190 890 bium
214 831 264 891 est
285 825 329 891 ad
351 832 385 891 te
408 824 486 910 quin
508 830 572 891 eat
618 825 686 909 Ego
708 824 830 892 curabo
853 826 1035 911 diligenter,
1057 831 1097 893 ut
1118 826 1258 894 illustris·

101 931 182 996 simo
206 931 290 996 Duci
314 931 458 1015 emporio
481 931 642 997 mittatur.

192 1037 285 1116 Quod
315 1043 425 1102 antem
450 1036 679 1103 Caesareaueos
707 1036 755 1102 ais
785 1035 870 1103 male
893 1038 1008 1102 deme
1031 1037 1165 1120 sentire,
1194 1057 1258 1122 pro

102 1141 188 1208 fecto
213 1163 277 1209 non
301 1163 412 1208 omues
434 1143 482 1207 ita
504 1140 659 1221 sentiunt
680 1140 739 1208 sed
761 1142 858 1223 forte,
884 1163 1022 1228 quorum
1046 1142 1090 1209 ab
1113 1148 1258 1208 cresunt

102 1247 206 1313 ubera
236 1247 407 1314 subtracta
434 1247 568 1314 consilio
589 1267 672 1327 meo,
704 1248 801 1314 etiam
824 1266 879 1315 me
898 1249 1078 1332 ignorante.
1126 1250 1170 1314 At
1191 1247 1256 1314 ebo

103 1352 194 1417 dumi
218 1353 328 1437 quiin
353 1352 502 1419 domibus
525 1353 648 1438 Regum
671 1358 757 1433 sunt
780 1351 930 1420 mollibus
957 1353 1151 1421 vestiuntur.
1196 1352 1258 1419 Non

104 1459 168 1523 erit
189 1458 269 1524 mibi
291 1480 388 1543 grase
411 1459 540 1526 illorum
563 1480 744 1527 susurrum.
780 1459 828 1526 'l'u
851 1464 940 1526 reete
956 1465 1056 1543 atque
1070 1479 1149 1525 vere
1164 1477 1259 1524 meam

105 1564 321 1631 innocentiam
346 1563 521 1632 defendisti
544 1565 586 1631 de
608 1586 689 1631 auro
707 1565 840 1651 judaico
862 1563 948 1649 quod
971 1584 1139 1649 nunquam
1155 1562 1259 1648 cupiri

102 1668 199 1736 Nullo
225 1671 310 1736 enim
333 1671 419 1736 vitae
440 1691 522 1738 mese
543 1675 692 1755 tempore
714 1671 765 1737 rel
788 1691 905 1738 aurum
927 1669 978 1734 rel
1000 1675 1183 1754 argentum,
1212 1671 1260 1735 aut
1287 1734 1294 1745 ,

103 1777 176 1842 seris
200 1776 338 1861 alicujus
365 1783 528 1844 monetam
551 1798 573 1842 a
594 1775 719 1858 dudaeo,
749 1776 800 1842 vel
827 1776 950 1856 Judaea,
976 1774 1028 1842 rel
1056 1796 1171 1843 eorum
1198 1772 1260 1843 loco

103 1903 142 1947 ac
165 1883 293 1948 nomine
320 1904 463 1967 unquam
492 1883 605 1968 accepi
633 1903 740 1968 neque
767 1904 827 1966 per
854 1902 920 1962 me,
951 1901 1056 1966 neque
1086 1901 1148 1966 per
1170 1878 1260 1947 aliun

105 2007 288 2070 quenquam
320 2008 424 2071 neque
452 1988 601 2072 aocipmo
629 1988 767 2073 speravi.
812 1986 905 2066 Quod
934 1987 966 2052 iu
989 1985 1083 2052 oculo
1108 1982 1260 2070 speculari

104 2091 144 2155 de
174 2091 342 2159 mendacio
365 2092 573 2178 Pepericorui
604 2098 645 2158 22
668 2094 680 2134 ¹
707 2092 817 2179 palam
847 2096 1024 2159 attestatus
1047 2112 1144 2172 aum,
1172 2089 1260 2176 idque

103 2196 201 2262 nullis
228 2196 385 2264 hactenus
414 2198 644 2284 scriptionibus
675 2198 854 2264 adversarii
880 2218 999 2281 negare
1027 2197 1101 2262 ausi
1129 2195 1260 2263 fuerunt

104 2301 186 2380 Quid
211 2302 245 2367 in
268 2323 364 2370 aures
395 2310 505 2371 autem
535 2303 755 2390 quorumlibet
781 2303 989 2383 mentiantur,
1020 2303 1105 2369 scire
1134 2321 1260 2389 nequeo.

192 2409 240 2475 De
264 2411 386 2475 nummi
409 2409 533 2477 ducalis
554 2426 697 2490 munere,
719 2410 772 2476 oni
798 2408 1002 2475 inscribitur:
1036 2407 1189 2488 „Elector
1208 2408 1261 2473 Im-

104 2515 251 2600 periiquo
275 2515 381 2582 locum
405 2521 520 2582 tenens
543 2515 720 2600 guercii&
755 2535 816 2600 ago
843 2514 904 2581 tibi
931 2536 996 2582 non
1025 2513 1114 2581 leves
1137 2513 1260 2598 gratian

101 2619 183 2701 vidi,
214 2620 280 2687 vidi
303 2620 345 2688 ab
368 2620 448 2705 ipsis
471 2620 570 2707 Lydis
594 2621 658 2707 qui,
682 2626 816 2688 auctore
839 2619 1021 2701 Herodoto,
1046 2619 1143 2704 primi
1167 2617 1261 2688 homi·

100 2745 177 2790 num
200 2733 391 2810 argenteum
414 2727 572 2794 nomisma
594 2733 840 2812 percusserunt,
862 2748 966 2812 usque
981 2725 1024 2793 ad
1039 2725 1125 2793 hanc
1140 2730 1261 2792 aetatem

101 2830 180 2896 nihil
212 2832 403 2900 absolutius.
449 2833 519 2900 Hoc
553 2831 635 2899 illud
669 2832 907 2913 transtisse,
942 2829 1029 2917 quod
1060 2838 1137 2897 ante
1168 2849 1260 2897 annos

102 2957 198 3019 quum
222 2938 381 3022 plurimos
411 2959 503 3004 meus
531 2937 609 3004 milri
641 2938 768 3004 animus
800 2958 859 3022 per
887 2936 1002 3002 Filiam
1033 2936 1121 3004 vocis
1152 2955 1262 3021 praesa·

101 3042 189 3125 givit,
221 3044 327 3109 denuo
361 3043 430 3110 fore
465 3044 607 3129 aliquem
630 3043 847 3124 Fridericum‚
879 3041 935 3128 qui
969 3061 1083 3108 rursus
1114 3038 1261 3108 mundani

101 3146 186 3213 freni
208 3152 317 3215 rector
339 3147 441 3231 fieret,
465 3149 552 3235 quod
576 3149 745 3236 Spalatino
776 3147 940 3235 quondam
969 3146 1088 3232 scripsi
1107 3146 1129 3210 ⁸.
1177 3146 1261 3213 Nunc

100 3273 160 3336 per
199 3253 350 3338 spiritum
382 3246 557 3341 prophetia
588 3277 647 3322 nos
682 3254 800 3323 deficit.
853 3253 955 3338 (injus
992 3251 1081 3320 haud
1120 3250 1261 3320 absimile

100 3358 231 3445 scripsit
268 3360 411 3427 Joannes
447 3361 556 3443 Picus,
590 3360 706 3428 (lomes
734 3358 994 3439 Mirandulanus,
1035 3356 1179 3425 omnium
1211 3352 1261 3423 aeri

97 3465 200 3531 nostri
224 3466 327 3551 (quod
349 3464 448 3533 bilem
478 3464 627 3552 pluribus
650 3465 804 3551 sophistis
832 3472 867 3533 et
898 3463 1102 3533 stomachum
1124 3461 1260 3544 movent)

98 3569 304 3637 doctissimus
327 3579 361 3638 et
383 3571 642 3639 litteratissimus
665 3571 697 3636 in
721 3570 924 3639 conclusione
948 3568 1190 3636 Gabalistarum
1213 3587 1263 3634 au·

97 3675 312 3759 tepenultima
336 3677 399 3743 sic:
428 3676 617 3761 „Sapientes
641 3676 742 3743 Israel
765 3683 841 3762 pust
856 3675 1071 3744 cessationem
1086 3673 1260 3760 prophetin

95 3800 154 3863 per
177 3780 326 3865 spiritum
349 3781 589 3867 prophetarunt
610 3805 670 3868 per
692 3783 808 3850 Filiam
831 3783 945 3850 vocis.“

185 3887 253 3970 Ego
282 3887 396 3972 itaque
426 3887 533 3974 reperi
564 3894 640 3954 ante
664 3909 764 3955 annos
788 3887 1079 3974 quatuordecima
1103 3884 1260 3954 veteribus

94 3989 291 4059 Cabbalistis
315 4013 413 4078 super
436 3992 537 4060 verba
552 3992 733 4062 Salomonis
749 3994 856 4079 capite
875 3999 931 4060 30:
959 3991 1126 4075 „amelech
1142 3991 1176 4058 nl
1189 3990 1257 4057 kun

167 4191 176 4237 1
199 4186 261 4254 Vgl.
287 4188 355 4238 oben
379 4202 435 4239 nro.
462 4187 564 4239 CLXV.
639 4118 813 4239 alrendsoio
839 4186 882 4256 22]
908 4186 1098 4255 augenspiegel
1130 4186 1175 4239 iol.
1200 4183 1259 4238 XL·-

94 4275 108 4322 3
130 4274 177 4324 liin
206 4275 278 4326 brief
299 4275 443 4328 Rouclrlins
466 4293 499 4328 sn
519 4275 638 4344 spalatin
663 4292 709 4327 vor
735 4276 793 4326 dem
813 4275 960 4343 aeitpunlrt‚
984 4292 1016 4325 an
1037 4274 1096 4325 dem
1117 4277 1165 4325 wir
1183 4272 1259 4331 stein,

93 4359 128 4409 ist
146 4362 222 4412 nieht
235 4362 361 4414 erbulteu.
399 4363 518 4431 spalatin
538 4363 639 4416 eruthlt
659 4381 710 4416 von
723 4364 808 4416 einum
828 4380 876 4416 aas
896 4364 919 4416 d.
939 4365 959 4431 j.
977 4367 1052 4430 1511,
1071 4364 1125 4432 vgl.
1139 4360 1258 4415 Reuoblin

94 4463 114 4501 s.
133 4449 175 4501 ts.
195 4464 218 4503 o.
238 4454 261 4501 2.
