2716 4898
640 292 706 359 217

80 481 201 549 doctor
222 480 402 566 theologiae,
431 478 606 549 Udalricus
636 482 723 570 Jung
753 484 868 552 doctor
896 479 1080 564 medicinas,
1111 482 1254 552 loannes

80 588 281 655 Faltermair
303 589 473 674 utriusque
500 588 584 673 juris
607 588 738 672 doctor;
762 590 921 674 Georgius
946 587 1128 655 Oberhofer
1151 587 1255 673 philo-

83 695 221 780 sophus;
257 695 399 761 Joannes
434 693 571 760 Viscber
607 716 647 761 ex
687 696 831 763 Dietlurt
869 693 1098 780 philosophus3
1136 693 1254 761 nobilis

84 799 296 866 Guilhermus
319 799 504 880 Trdnberk3
527 800 670 867 loannes
698 802 831 886 Vdgelin
864 799 1088 885 philosophus,
1112 799 1255 865 Joannes

81 905 271 972 Pinicianus
286 906 450 991 presbiter
465 906 692 992 Augustensis3
717 908 877 975 Henricns
902 905 1068 986 Vitellius;
1092 903 1256 970 Eberhar-

78 1011 145 1078 'dus
180 1032 256 1077 cnm
291 1010 357 1078 filio
382 1034 442 1079 suo
464 1012 703 1081 Bartholomaeo
728 1014 857 1081 Caesare
887 1013 927 1079 de
950 1011 1136 1092 Forchaim,
1160 1030 1257 1096 quem

81 1116 360 1185 bartholomaeum
397 1117 514 1202 puduit
546 1118 697 1186 fortassis
733 1121 864 1205 scriptis
896 1119 963 1186 suis
997 1138 1115 1183 nornen
1146 1137 1254 1181 meum

80 1225 236 1291 inserere.
282 1224 333 1290 Illi
361 1224 493 1309 iuquam
523 1225 690 1292 auditores
718 1227 784 1292 mei
812 1225 928 1292 crebro
951 1245 1002 1289 me
1027 1221 1255 1302 sollicitarunt,

83 1336 120 1397 ut
143 1351 218 1415 quae
241 1329 353 1395 multis
381 1331 475 1395 annis
502 1329 684 1397 Germaniae
715 1338 835 1398 nostrae
867 1331 1005 1397 bebraeae
1028 1329 1145 1413 linguas
1168 1327 1257 1393 rudi·

82 1442 194 1503 menta
217 1434 426 1502 tradidissem
449 1435 483 1501 in
506 1457 604 1503 unum
627 1436 775 1505 libellum
796 1457 945 1522 cogerem
975 1442 1009 1502 et
1037 1455 1097 1520 pro
1120 1433 1256 1520 publico

83 1541 253 1610 commodo
278 1542 417 1607 ederem.

171 1648 298 1714 Horum
322 1669 395 1732 ego,
423 1646 482 1714 sed
512 1647 650 1715 maxime
683 1649 834 1735 petitioni
861 1654 926 1714 tuae
957 1647 1098 1713 libenter
1131 1666 1255 1711 morem

83 1775 169 1839 gero.
217 1753 351 1821 Jussisti
386 1753 524 1835 etenim,
559 1760 597 1820 ut
630 1754 814 1840 hujusmodi
849 1754 1040 1822 thesaurum
1074 1751 1255 1837 proferrem

82 1860 283 1946 largiterque
306 1860 503 1945 impartirer,
527 1881 591 1945 quo
615 1860 725 1927 multis
749 1860 986 1941 commodarer;
1009 1864 1146 1944 paratus
1171 1879 1253 1937 sum,

84 1965 315 2033 humanissime
337 1972 539 2051 praeceptor,
574 1972 630 2032 tuo
657 1968 786 2033 nomine
821 1965 1054 2052 rempublicam
1077 1964 1257 2031 literariam
1318 1948 1322 1955 ¹

84 2074 249 2160 adjuvare.
296 2073 412 2139 Veram
443 2078 476 2138 et
504 2072 701 2138 succinctam
732 2080 842 2140 tamen
864 2070 992 2157 legendi
1015 2070 1101 2136 viam
1125 2069 1255 2155 aperire

84 2180 240 2266 adjuncta
262 2177 375 2244 tabula
398 2199 471 2244 cum
494 2179 639 2260 cacteris,
663 2200 760 2264 quam
783 2184 916 2258 vocant,
948 2176 1059 2243 latinis
1083 2177 1256 2244 teutonicis

83 2293 111 2351 et
134 2283 281 2352 hebraeis
303 2284 407 2350 literis
430 2284 537 2351 tribus
560 2283 717 2351 columnis
741 2305 777 2350 se
799 2284 935 2350 invicem
951 2282 1255 2362 concomitantibus,

81 2389 126 2458 ita
161 2411 240 2456 rere
273 2397 310 2456 nt
344 2389 440 2455 facile
481 2389 679 2456 semidoctus
712 2389 925 2457 Hebraeorum
958 2394 1053 2454 notas
1085 2387 1257 2453 addiscere

77 2502 192 2585 queat,
218 2518 282 2583 quc
306 2496 423 2561 deinde
447 2501 520 2562 tuos
548 2495 623 2562 illos
652 2497 797 2581 egregios
827 2496 928 2562 libros
964 2493 1141 2560 studiosius
1172 2513 1258 2559 com-

74 2621 203 2687 parare
228 2607 263 2667 et
285 2601 490 2687 expeditius¹
515 2601 696 2687 intelligere
719 2602 857 2686 possint,
880 2600 937 2666 sed
960 2621 1065 2685 neque
1080 2598 1181 2665 ullam
1203 2619 1259 2664 ne-

72 2707 225 2797 gligendi
260 2707 407 2773 hebraeas
439 2708 551 2774 literas
574 2710 776 2775 occasionem
799 2705 982 2787 habebunt,
1015 2726 1089 2772 cum
1112 2710 1181 2770 tam
1203 2702 1259 2769 rili

72 2816 194 2903 precio
219 2820 346 2880 tantum
370 2836 487 2880 munus
510 2815 652 2900 empturi
675 2820 759 2881 sunt.
806 2812 925 2897 Accipe
948 2811 1055 2895 igitur,
1080 2809 1258 2876 clarissime

72 2924 143 3004 vir,
168 2920 317 3004 libellum
349 2920 434 2986 hunc
465 2921 499 2985 in
529 2926 619 2986 tuam
647 2918 803 2998 tutelam,
833 2918 894 2983 tibi
925 2940 998 2983 eum
1026 2917 1149 2997 dicavi,
1179 2922 1260 2983 tua

72 3026 255 3096 malevolis
279 3032 386 3091 tutum
410 3024 543 3106 reddes,
574 3031 610 3092 ut
639 3026 666 3092 si
697 3046 762 3110 qua
791 3046 873 3108 cpns
905 3025 966 3089 erit
998 3023 1076 3089 lima
1103 3022 1258 3108 purgabis

73 3143 186 3220 atque
212 3154 375 3218 emunges.
421 3132 504 3213 Scio,
527 3130 584 3197 ubi
607 3132 677 3216 ipse
700 3132 733 3197 in
758 3131 863 3198 lucem
879 3130 1075 3212 versabitur,
1099 3128 1178 3195 nulli
1195 3150 1258 3195 non

75 3246 199 3325 gratus
230 3238 311 3320 erit,
340 3237 416 3303 dum
448 3244 575 3303 tantum
609 3238 724 3304 ducem
759 3243 932 3323 patronum
960 3236 1121 3302 habuerit.
1170 3234 1259 3316 Vale,

77 3347 185 3412 trium
209 3345 392 3428 linguarum
416 3343 613 3428 peritissime
636 3343 791 3428 Capnicn,
815 3365 931 3428 meque
955 3348 1047 3408 tuum
1063 3340 1259 3424 mancipium

83 3473 157 3518 esse
181 3452 321 3536 patiare.
368 3452 418 3515 Ex
442 3452 633 3534 Angustana
661 3456 773 3516 nostra
797 3449 930 3537 officina·
946 3446 1115 3527 hebraica,
1140 3452 1258 3532 quarto

84 3580 192 3626 nouas
216 3557 314 3623 Junii.
361 3559 455 3622 Anno
481 3553 577 3621 1514.

152 3667 320 3728 Gedruckt:
333 3685 384 3727 eus
393 3675 504 3722 narum
517 3671 625 3722 aazia
636 3670 705 3723 cu:
715 3657 941 3748 [CONTENTA'
948 3665 990 3724 IN
999 3663 1077 3724 Hoc
1088 3662 1258 3724 LIBELLO

83 3776 221 3837 NVPER
237 3779 275 3846 la
291 3775 404 3834 Jcanne
419 3772 629 3834 boescheustein
645 3772 815 3847 esslingensi
830 3773 917 3831 edita.
938 3765 956 3850 ΙΙ
974 3770 1153 3831 Elementale
1168 3772 1258 3831 intro·

87 3883 221 3944 ductoria
236 3882 266 3940 in
280 3881 402 3941 hebreas
416 3880 516 3939 literas
537 3871 543 3961 Ι
561 3879 705 3939 teutonice
712 3884 742 3938 et
748 3878 882 3938 hebraice
892 3877 1028 3953 legendas
1048 3870 1053 3959 Ι
1073 3876 1179 3936 Decem
1193 3893 1259 3951 pre·

88 3996 171 4066 cepta
186 3988 292 4049 Exodi.
316 3988 382 4048 XX.
405 3981 409 4069 Ι
431 3986 530 4046 Oratio
555 3985 695 4045 dominica
710 3985 814 4044 Matth.
837 3984 886 4044 VI.
909 3983 998 4043 Luce.
1018 3982 1070 4044 XI.
1091 3984 1097 4061 Ι
1117 3982 1271 4068 ὃιὶιιῐιιίο1

90 4096 219 4172 angalica
234 4095 314 4153 Luce
329 4094 422 4167 primo
444 4085 449 4175 Ι
469 4091 634 4166 Symbolum
650 4090 845 4165 apostolorum
865 4082 870 4172 l
892 4089 1040 4149 Canticum
1048 4090 1142 4148 Maria
1154 4089 1231 4148 Luce
1245 4087 1260 4147 I

92 4197 238 4262 Canticum
262 4200 412 4259 Simeonis.
458 4198 535 4257 Luce
563 4216 587 4257 z.
607 4200 611 4267 Ι
633 4197 688 4256 An.
713 4197 786 4256 Veni
806 4199 927 4267 sancte!
949 4195 1005 4254 An.
1028 4196 1114 4255 Saluc
1140 4191 1256 4278 reginei

670 4322 688 4360 *

161 4437 172 4484 1
193 4430 329 4501 Expediur
350 4435 372 4482 1.
390 4435 451 4482 tuos
469 4429 560 4501 libros]
579 4429 696 4482 samuch
714 4429 756 4482 die
774 4427 923 4481 rudimenta
943 4424 1074 4482 hebraica.
