2716 4898
672 285 691 353 7

90 479 276 545 studiorum
300 499 462 558 meorum,
492 478 593 543 mavis
620 484 677 545 tuo
703 477 827 564 judicio
860 497 955 564 quam
988 475 1101 542 alienae
1130 478 1265 543 credere

88 585 333 670 praedicationi,
365 605 423 667 ego
448 584 534 668 quod
560 585 648 650 haud
679 591 801 650 temere
825 584 904 649 mihi
927 583 1038 649 videor
1061 583 1263 649 committere

90 691 230 769 debere,
264 697 301 755 ut
319 689 477 773 judicium
501 696 592 756 tuum
616 691 750 756 subeam
773 691 912 757 hominis
940 695 1006 754 tam
1031 688 1264 774 multiplicibus

90 797 334 881 disciplinarum
351 797 584 880 literarumque
601 798 798 862 ornamentis
815 796 957 881 expoliti.
989 795 1132 873 Quarum
1155 816 1264 861 rernm

90 902 224 968 abunde
255 901 435 985 locupletes
465 908 566 967 testes
596 910 660 968 tuae
693 902 772 967 mihi
802 902 906 967 literae
936 901 1076 966 fuerunt.
1130 900 1263 968 Gaudeo

90 1009 152 1092 (ita
183 1030 236 1073 me
268 1008 347 1073 deus
379 1008 478 1090 amet)
509 1009 609 1073 vicem
640 1015 730 1074 tuam
762 1013 796 1073 et
827 1029 925 1092 quum
949 1007 1049 1071 animi
1072 1013 1261 1092 naturaeque

89 1120 155 1180 tuae
179 1113 356 1193 felicitati,
381 1120 450 1178 tum
478 1135 553 1179 vero
581 1115 614 1178 in
638 1114 751 1198 primis
774 1113 913 1179 fortunis
938 1112 1119 1178 Germaniae
1142 1119 1262 1179 nostroe

89 1219 247 1304 gratulor,
276 1241 373 1305 quam
398 1221 425 1285 si
450 1241 591 1304 unquam
622 1243 706 1285 nunc
730 1218 904 1304 aliquando
930 1217 1140 1302 expergefieri
1166 1241 1262 1303 opor-

90 1326 174 1391 tebit
206 1332 240 1391 et
269 1324 310 1390 ab
342 1324 403 1390 hac
427 1324 580 1390 barbarie
604 1347 669 1411 qua
693 1331 743 1391 tot
766 1326 834 1409 jam
865 1323 984 1390 seculis
1013 1324 1101 1390 velut
1129 1325 1261 1410 stupido

90 1453 207 1517 sopore
224 1431 275 1496 val
291 1432 398 1515 potius
412 1431 561 1522 Ιλιιθιίργῳ
584 1458 641 1496 τινι
664 1452 821 1516 oppressa
838 1436 968 1496 tenetur
985 1431 1129 1496 excitari.
1169 1431 1263 1510 Quod

91 1545 202 1604 autem
233 1537 450 1602 eruditissime
479 1537 575 1602 simul
597 1538 914 1621 prudentissimeque
945 1537 1139 1602 sententiam
1172 1542 1262 1602 tuam

92 1645 131 1710 de
162 1644 326 1709 hebraicis
354 1643 459 1708 literis
488 1643 531 1708 ad
560 1665 611 1708 me
634 1643 810 1727 perscribis
834 1642 914 1708 facis
938 1649 973 1707 tu
998 1642 1127 1727 quidem
1151 1642 1262 1707 huma-

93 1751 237 1829 nissime,
261 1748 358 1814 credo
383 1750 481 1813 etiam
512 1770 589 1814 vera
612 1756 645 1814 te
669 1750 787 1814 dicere.
834 1748 918 1826 Quid
941 1747 1056 1813 faciam
1082 1750 1211 1814 tamen?
1234 1748 1261 1813 si

93 1857 182 1923 aliud
206 1855 285 1920 mihi
310 1855 445 1919 videtur.
493 1854 562 1920 Scis
586 1856 686 1935 enim,
717 1860 797 1940 quot
820 1853 980 1934 homines,
1008 1859 1059 1919 tot
1083 1855 1261 1933 sententiae,

93 1970 128 2028 ut
157 1963 193 2027 in
224 1960 322 2027 rebus
352 1961 501 2026 humanis
528 1983 672 2046 persaepe
703 1963 735 2027 in
759 1967 900 2026 mentem
932 1959 1011 2024 mihi
1036 1960 1147 2025 veniat
1170 1960 1262 2026 dubi-

93 2076 173 2148 tare,
199 2068 299 2134 sitne
323 2089 433 2132 verum
457 2067 490 2131 id
515 2068 600 2151 quod
624 2069 740 2152 priscis
756 2066 919 2132 nonnullis
936 2066 1040 2131 visum
1057 2071 1117 2146 est,
1141 2087 1211 2130 esse
1228 2065 1262 2130 id

95 2176 251 2259 optimum
280 2173 313 2236 iu
337 2174 383 2238 eis
407 2173 495 2257 quod
511 2173 554 2237 sit
576 2174 683 2239 animo
708 2175 863 2258 cujusque
880 2172 1108 2255 gratissimum.
1146 2171 1260 2256 ltaque

93 2281 207 2347 mirum
236 2279 270 2343 in
299 2279 428 2344 modum
460 2279 623 2344 sententia
653 2301 692 2345 ea
728 2280 825 2363 graeci
855 2283 961 2363 poetae
993 2278 1072 2343 mihi
1102 2277 1262 2362 probatur

96 2386 151 2454 bac
173 2388 209 2452 in
232 2392 328 2472 parte

732 2490 843 2580 Οὕνεχ’
870 2492 881 2529 ¹
904 2490 1027 2581 ὕπερθεν

250 2599 342 2665 ἐσθλά
365 2622 400 2663 τε
423 2600 474 2663 καὶ
496 2599 537 2663 ταὶ
560 2598 659 2689 χέρεια
683 2597 758 2663 θεῶν
783 2602 813 2662 ἐν
836 2598 960 2688 γούνασι
983 2608 1081 2661 κεῖται

251 2707 339 2794 μυρία
357 2705 369 2744 2
385 2711 424 2779 εἰς
440 2704 470 2768 ἓν
485 2704 587 2770 πάντα
603 2703 772 2795 μεμιγμένα
786 2703 893 2768 καὶτὰ
909 2702 963 2790 μὲν
979 2703 1058 2777 οὔτις

252 2803 390 2901 δέρκεται
413 2810 587 2890 ἀθανάτων,
612 2812 680 2875 ἀλλ’
704 2811 892 2900 &speciosas
915 2808 1060 2874 τέτυκται

251 2919 344 3005 inqiut·
356 2916 493 3001 θεσπεσίῃ
512 2915 524 2954 ³
539 2916 751 3006 κεκαλυμμένα
766 2927 827 2990 τοῖς
844 2906 869 2979 δ’
886 2916 934 2980 ἐπὶ
950 2927 1046 3005 χεῖρας

251 3025 402 3112 οἵημοῖρα
417 3022 515 3095 τίθησι
530 3024 581 3087 καὶ
597 3021 658 3112 οὐχ’
675 3021 775 3111 ὁρόωσ’
792 3022 806 3060 4
822 3020 871 3086 ἀπ’
888 3019 1048 3109 Ὀλύμπου

251 3132 280 3202 ἐς
295 3140 384 3218 γαῖαν
400 3131 534 3216 προΐησι·
551 3129 591 3193 ταὶ
608 3119 633 3192 δ’
650 3119 771 3203 ἄλλυδις
787 3126 799 3166 ⁵
816 3125 896 3192 ἄλλα
911 3127 1051 3217 φέρονται

251 3236 338 3307 avola
363 3240 402 3309 ὡς
424 3235 545 3323 ἀνέμοιο
563 3235 583 3296 ⁶.

176 3341 294 3423 Itaque
319 3339 465 3404 adducar
488 3346 525 3404 ut
548 3346 658 3423 putem
687 3340 768 3405 satis
787 3341 911 3424 justam
935 3358 1065 3404 causam
1089 3336 1169 3402 mihi
1190 3354 1260 3402 esse

91 3469 190 3531 quare
224 3445 366 3512 debeant
384 3467 440 3510 eae
467 3445 571 3510 literae
601 3446 680 3510 mihi
708 3445 838 3529 placere
867 3445 929 3510 boc
952 3444 1058 3527 ipsum
1082 3441 1170 3526 quod
1193 3440 1262 3524 pla-

91 3558 173 3617 cent.
220 3551 266 3616 Ut
296 3556 404 3615 tamen
433 3551 516 3616 scias
539 3571 724 3637 quanquam
748 3573 812 3616 non
836 3556 941 3630 recte,
971 3571 1033 3614 non
1059 3554 1168 3613 tamen
1192 3547 1260 3612 sine

90 3659 215 3723 ratione
240 3678 291 3722 me
316 3678 442 3735 errare,
473 3662 552 3740 puto
580 3669 636 3723 v'os
660 3678 789 3740 magnos
818 3658 903 3721 viros
931 3655 987 3740 qui
1016 3655 1139 3721 clarum
1170 3653 1261 3718 vobis

91 3762 359 3848 splendidumque
389 3784 428 3826 ex
451 3763 683 3828 illustrioribus
707 3763 823 3828 studiis
847 3762 989 3846 parastis
1011 3782 1137 3840 nomen,
1162 3760 1260 3824 etiam

91 3870 156 3934 sine
187 3869 239 3933 his
271 3867 374 3932 literis
407 3868 501 3933 facile
536 3871 695 3934 rationem
727 3871 801 3934 vitae
836 3875 951 3934 vestrae
984 3889 1079 3952 posse
1112 3866 1259 3931 reddere.

90 3975 166 4052 Quae
191 3974 322 4058 quidem
346 3974 372 4038 si
397 3974 504 4039 desint
527 3975 618 4040 vobis
641 3997 705 4040 non
728 3995 921 4059 magnopere
945 3972 1185 4050 desiderentur,
1210 3970 1259 4034 sin

90 4081 193 4146 assint
222 4100 299 4146 vero
330 4100 453 4162 magnae
483 4081 573 4145 laudi
602 4081 733 4159 dentur,
766 4081 983 4147 accessionem
1016 4085 1124 4144 tamen
1159 4098 1260 4162 quan-

669 4249 684 4283 *
752 4278 756 4284 .

163 4329 272 4402 lobveq’
289 4339 310 4383 1.
367 4333 566 4403 2poipq51bis
580 4339 604 4385 4.
661 4332 800 4404 ὃθεσιιεγιῆ
814 4341 837 4386 4.
887 4329 1038 4403 tbpdac'2.
1095 4328 1258 4392 5ἄλλυσις4.
1347 4394 1352 4401 ι

91 4423 105 4471 6
124 4423 238 4490 Quintus
259 4423 410 4492 Smyrnaeus
429 4423 469 4474 ed.
490 4424 596 4493 Kochly
615 4424 677 4495 Lpz.
701 4427 774 4490 1850,
795 4424 851 4490 VII,
871 4425 903 4475 70
923 4421 965 4474 bis
984 4425 1025 4472 77.
