2716 4898
656 255 720 321 134

100 446 210 514 studio
235 445 398 514 indefesso
423 445 622 530 congessisti.
668 445 823 511 Placeant
851 444 928 511 licet
956 443 1019 510 sibi
1047 442 1185 509 multum
1205 441 1264 508 He·

102 552 184 618 braei
214 573 343 632 omnes,
377 571 442 617 non
477 557 586 617 tamen
617 572 760 636 unquam
786 549 852 616 tale
882 569 963 634 opus
991 549 1176 633 perficient,
1201 553 1263 612 tam

101 658 241 725 latinum
264 663 299 723 et
323 656 462 741 elegans,
487 662 579 722 tanta
603 655 741 741 denique
765 656 922 721 varietate
945 654 1150 735 distinctum,
1178 659 1263 718 tauta

100 763 273 849 majestate
297 761 434 846 fulgens,
458 761 546 846 quod
570 783 633 827 non
657 761 782 827 Latinis
805 761 909 840 modo,
933 759 990 826 sed
1013 766 1047 824 et
1070 759 1192 825 Graecis
1217 780 1263 823 er·

100 869 277 954 petendum
301 868 345 933 sit
368 865 552 951 plurimum.
598 867 641 931 Et
664 867 691 932 si
714 888 826 932 verum
854 865 960 932 dicere
989 864 1080 943 licet,
1109 870 1178 928 tam
1205 885 1263 928 me

100 973 184 1040 ritus
208 996 256 1055 es,
287 974 349 1039 hoc
378 972 428 1037 vel
450 971 545 1037 unico
570 991 667 1055 opere
696 973 783 1057 apud
813 990 924 1037 omnes
954 971 1057 1036 sacris
1084 969 1190 1034 literis
1217 988 1262 1032 va

99 1085 221 1158 cantes,
244 1084 282 1144 ut
304 1078 390 1156 licet,
415 1076 596 1162 quamlibet
618 1077 755 1144 multum
778 1077 839 1144 tibi
855 1075 1065 1160 rependeant,
1087 1095 1150 1158 par
1164 1079 1261 1139 tamen

97 1182 240 1251 reddant
276 1203 462 1267 numquam.
519 1181 690 1249 Debitores
727 1181 925 1249 constituisti
961 1186 1036 1246 tuos
1071 1201 1184 1246 omnes
1215 1178 1261 1264 qni

97 1288 280 1354 divinarum
302 1289 475 1355 literarum
498 1287 651 1354 abstrusa
674 1288 806 1373 propius
822 1286 944 1354 intueri
958 1286 1079 1365 volunt,
1104 1285 1260 1350 debitores

97 1393 230 1479 inquam
261 1400 336 1460 tuos
369 1392 567 1459 constituisti
601 1400 635 1459 et
667 1394 727 1458 tibi
756 1392 928 1472 obnoxios,
962 1413 1025 1457 non
1049 1391 1253 1457 detractores.

98 1497 239 1564 Valeant
269 1520 345 1585 ergo
376 1499 432 1584 qui
468 1505 536 1564 tam
567 1498 710 1582 elegans,
744 1504 811 1562 tam
842 1497 921 1562 utile
952 1502 986 1562 et
1012 1495 1206 1580 praclarum
1230 1516 1259 1560 ac

100 1602 245 1670 divinum
274 1626 356 1691 opus
386 1610 445 1669 aut
476 1603 723 1683 calumniantur,
747 1607 805 1668 aut
828 1602 887 1668 tibi
912 1603 1039 1667 auctori
1070 1601 1197 1687 eripere
1224 1601 1259 1666 ni·

96 1713 222 1776 tuntur.

189 1815 232 1879 At
247 1814 334 1881 dicet
345 1812 547 1881 Pfefferlrorn
563 1820 596 1878 te
612 1812 691 1878 illud
707 1818 872 1879 mutuasse
899 1812 940 1877 ab
966 1811 1124 1878 Hebraeis.
1156 1813 1258 1896 Olepi

98 1917 176 1984 dum
208 1925 317 2004 caput.
365 1919 520 2007 Nunquid
547 1918 642 1984 nobis
673 1925 748 1984 sunt
780 1917 922 1984 scientia
951 1918 1154 2001 congenita?
1196 1917 1258 1996 Quis

96 2043 241 2109 unquam
281 2025 432 2090 literatus
465 2025 568 2090 evasit
606 2024 674 2088 sine
712 2031 931 2108 praeceptore,
966 2024 1037 2089 sine
1068 2024 1196 2089 literis?
1234 2021 1258 2087 Si

96 2127 178 2194 nihil
201 2129 397 2195 censendum
421 2135 471 2195 est
494 2135 643 2194 nostrum
668 2128 754 2213 qnod
771 2128 812 2194 ab
834 2129 906 2193 aliis
932 2129 1128 2213 accepimus,
1152 2126 1258 2213 proprii

95 2231 289 2299 habebimus
312 2234 400 2300 nibil.
439 2233 527 2299 Nihil
552 2234 692 2299 enimin
716 2233 800 2298 hunc
823 2233 977 2299 mundum
1001 2233 1179 2298 intulimus.
1215 2233 1255 2310 Et,

98 2359 139 2404 ne
167 2338 211 2404 sd
234 2346 391 2406 extranea
416 2346 637 2419 transeamus,
667 2338 695 2404 si
719 2338 859 2404 eruditio
883 2360 979 2423 quam
1008 2338 1052 2403 ab
1081 2339 1156 2404 aliis
1183 2358 1257 2403 accc

96 2443 213 2529 pimus,
236 2450 351 2512 nostra
365 2466 430 2511 non
447 2451 505 2525 est,
525 2445 595 2529 jam
610 2444 924 2527 Peripatbeticorum
943 2444 1083 2527 principi
1102 2441 1254 2509 Aristoteli

98 2549 170 2615 laus
186 2550 290 2617 omnis
307 2556 422 2635 erepta
438 2555 497 2617 est.
546 2549 638 2627 Quod
655 2550 738 2614 enim
754 2548 808 2615 ille
825 2549 964 2634 scripsit,
981 2571 1020 2614 ex
1036 2549 1109 2615 aliis
1128 2547 1257 2632 sumpsit,

96 2655 238 2745 maxime
261 2661 371 2721 autem
396 2677 416 2721 a
441 2654 575 2720 Platone
600 2675 663 2738 quo
694 2676 771 2720 usus
800 2661 849 2720 est
880 2660 1092 2739 praeceptore.
1139 2654 1181 2718 Et
1201 2673 1258 2718 rur-

97 2780 170 2825 sum
194 2759 286 2826 Plato
315 2780 335 2825 a
365 2759 508 2826 Socrate.
554 2759 706 2844 Nunquid
738 2780 813 2843 ergo
843 2759 935 2825 Plato
965 2759 1089 2824 honore
1118 2781 1175 2825 suo
1203 2756 1253 2841 pri·

97 2868 202 2943 vatur,
226 2865 303 2949 quia
327 2885 366 2930 ea
389 2864 521 2949 scripsit
544 2884 614 2948 quae
637 2885 658 2928 a
683 2863 816 2930 Socrate
840 2863 989 2949 accepit?
1015 2865 1120 2930 Absit.

184 2966 256 3032 Non
279 2967 359 3051 legit
381 2966 582 3035 Plefferlrorn
605 2968 687 3034 illud
711 2969 950 3035 Horatianum¹

254 3095 368 3147 Publice
386 3099 507 3148 materies
526 3099 623 3165 privati
638 3099 707 3162 juris
726 3099 776 3148 crit
794 3099 817 3149 si

253 3181 311 3234 Non
331 3185 403 3236 ciros
422 3187 501 3238 rilem
519 3186 690 3253 patulumque
710 3185 854 3238 morabitur
873 3186 971 3239 orbem.

186 3293 265 3361 Esto
288 3295 399 3383 itaque
427 3299 470 3364 ab
494 3298 642 3365 Hebraeis
665 3299 817 3365 didiceris
848 3299 1012 3366 hebraenm
1040 3300 1257 3385 acceperisqus

95 3399 267 3465 materiam
291 3401 331 3467 de
355 3424 420 3488 qua
442 3404 623 3488 scripturus
647 3426 729 3484 eras,
753 3405 898 3489 nunquid
921 3406 1021 3470 etiam
1044 3406 1257 3476 inventionem

97 3500 355 3588 dispositionem,
385 3509 629 3575 exometionom
653 3516 686 3575 et
708 3508 774 3575 alia
802 3508 835 3574 id
872 3511 996 3593 genus?
1043 3510 1110 3577 Sed
1141 3511 1181 3577 de
1208 3509 1258 3573 boo

97 3606 187 3672 satis.

184 3711 345 3779 (laeterum
378 3735 442 3782 non
479 3718 560 3783 satis
593 3719 738 3802 intelligo
774 3719 1044 3803 compositionem
1072 3722 1170 3807 hujus
1204 3719 1257 3784 dic

93 3814 204 3882 tionis:
230 3815 564 3905 Semhammapboras.
612 3824 676 3888 Fac
699 3825 809 3908 itaque
833 3825 861 3890 si
884 3847 936 3890 me
962 3847 1054 3891 amas
1085 3832 1120 3892 et
1145 3826 1185 3892 de
1209 3825 1259 3889 boc

93 3942 146 3987 me
176 3923 349 3989 certiorem
379 3925 509 3992 reddas.
556 3929 635 3995 Vale
665 3929 762 3995 soelix.
810 3929 945 3996 Salutat
965 3936 998 3995 te
1023 3930 1130 3998 abbas
1153 3936 1259 3998 noster.

94 4026 143 4092 Ex
166 4028 366 4113 Ottenpyrra
389 4031 488 4097 tertio
512 4032 562 4097 Kl.
588 4033 796 4119 Septembres
823 4040 917 4099 1511.

181 4137 254 4198 Msc.
271 4139 385 4199 Ellenb.
403 4141 452 4199 lib.
470 4141 507 4215 H,
525 4144 609 4216 epist.
628 4146 657 4203 9.
674 4143 724 4204 101.
744 4148 827 4205 103³
843 4142 886 4202 bis
906 4138 996 4203 104¹).

669 4296 687 4335 r

168 4384 179 4430 1
202 4382 253 4433 Ars
270 4383 376 4449 poetice
399 4384 457 4433 132.
