<?xml version="1.0" encoding="UTF-8"?>
<!DOCTYPE html PUBLIC "-//W3C//DTD XHTML 1.0 Transitional//EN"
    "http://www.w3.org/TR/xhtml1/DTD/xhtml1-transitional.dtd">
<html xmlns="http://www.w3.org/1999/xhtml" xml:lang="en" lang="en">
 <head>
  <title>
</title>
<meta http-equiv="Content-Type" content="text/html;charset=utf-8" />
  <meta name='ocr-system' content='tesseract 3.04.00' />
  <meta name='ocr-capabilities' content='ocr_page ocr_carea ocr_par ocr_line ocrx_word'/>
</head>
<body>
  <div class='ocr_page' id='page_1' title='image "./johannreuchlins00reucgoog/johannreuchlins00reucgoog_0322.png"; bbox 0 0 2716 4898; ppageno 0'>
   <div class='ocr_carea' id='block_1_1' title="bbox 648 311 715 378">
    <p class='ocr_par' dir='ltr' id='par_1_1' title="bbox 648 311 715 378">
     <span class='ocr_line' id='line_1_1' title="bbox 648 311 715 378; baseline 0 -1"><span class='ocrx_word' id='word_1_1' title='bbox 648 311 715 378; x_wconf 79' lang='lat'><strong>310</strong></span> 
     </span>
    </p>
   </div>
   <div class='ocr_carea' id='block_1_2' title="bbox 7 495 1260 4050">
    <p class='ocr_par' dir='ltr' id='par_1_2' title="bbox 94 495 1260 1952">
     <span class='ocr_line' id='line_1_2' title="bbox 94 495 1257 590; baseline -0.006 -18"><span class='ocrx_word' id='word_1_2' title='bbox 94 505 284 574; x_wconf 79' lang='lat' dir='ltr'><strong>memoriam</strong></span> <span class='ocrx_word' id='word_1_3' title='bbox 307 501 484 590; x_wconf 80' lang='lat' dir='ltr'><strong>specialem</strong></span> <span class='ocrx_word' id='word_1_4' title='bbox 505 496 654 581; x_wconf 88' lang='lat' dir='ltr'><strong>habeam,</strong></span> <span class='ocrx_word' id='word_1_5' title='bbox 681 507 749 565; x_wconf 89' lang='lat' dir='ltr'><strong>tam</strong></span> <span class='ocrx_word' id='word_1_6' title='bbox 773 519 808 565; x_wconf 90' lang='lat' dir='ltr'><strong>es</strong></span> <span class='ocrx_word' id='word_1_7' title='bbox 831 497 938 568; x_wconf 81' lang='lat' dir='ltr'><strong>anino</strong></span> <span class='ocrx_word' id='word_1_8' title='bbox 960 518 1034 567; x_wconf 89' lang='lat' dir='ltr'><strong>meo</strong></span> <span class='ocrx_word' id='word_1_9' title='bbox 1057 495 1184 566; x_wconf 86' lang='lat' dir='ltr'><strong>infixus.</strong></span> <span class='ocrx_word' id='word_1_10' title='bbox 1215 498 1257 566; x_wconf 79' lang='lat' dir='ltr'><strong>&#39;ln</strong></span> 
     </span>
     <span class='ocr_line' id='line_1_3' title="bbox 94 603 1257 695; baseline -0.005 -20"><span class='ocrx_word' id='word_1_11' title='bbox 94 609 214 676; x_wconf 90' lang='lat' dir='ltr'><strong>videris</strong></span> <span class='ocrx_word' id='word_1_12' title='bbox 237 609 316 695; x_wconf 91' lang='lat' dir='ltr'><strong>quid</strong></span> <span class='ocrx_word' id='word_1_13' title='bbox 340 607 511 694; x_wconf 76' lang='lat' dir='ltr'><strong>speciatim</strong></span> <span class='ocrx_word' id='word_1_14' title='bbox 525 604 711 671; x_wconf 82' lang='lat' dir='ltr'><strong>minervalia</strong></span> <span class='ocrx_word' id='word_1_15' title='bbox 734 605 877 671; x_wconf 89' lang='lat' dir='ltr'><strong>muneris</strong></span> <span class='ocrx_word' id='word_1_16' title='bbox 898 605 977 671; x_wconf 92' lang='lat' dir='ltr'><strong>mihi</strong></span> <span class='ocrx_word' id='word_1_17' title='bbox 1000 603 1173 688; x_wconf 86' lang='lat' dir='ltr'><strong>rependas.</strong></span> <span class='ocrx_word' id='word_1_18' title='bbox 1194 603 1257 670; x_wconf 89' lang='lat' dir='ltr'><strong>Non</strong></span> 
     </span>
     <span class='ocr_line' id='line_1_4' title="bbox 95 709 1258 800; baseline -0.004 -21"><span class='ocrx_word' id='word_1_19' title='bbox 95 735 206 800; x_wconf 83' lang='lat' dir='ltr'><strong>quaero</strong></span> <span class='ocrx_word' id='word_1_20' title='bbox 228 735 354 792; x_wconf 85' lang='lat' dir='ltr'><strong>aurum,</strong></span> <span class='ocrx_word' id='word_1_21' title='bbox 376 734 440 780; x_wconf 90' lang='lat' dir='ltr'><strong>non</strong></span> <span class='ocrx_word' id='word_1_22' title='bbox 463 714 647 795; x_wconf 82' lang='lat' dir='ltr'><strong>argentum,</strong></span> <span class='ocrx_word' id='word_1_23' title='bbox 681 709 739 775; x_wconf 90' lang='lat' dir='ltr'><strong>sed</strong></span> <span class='ocrx_word' id='word_1_24' title='bbox 762 717 892 793; x_wconf 87' lang='lat' dir='ltr'><strong>gnatum</strong></span> <span class='ocrx_word' id='word_1_25' title='bbox 924 709 1135 778; x_wconf 83' lang='lat' dir='ltr'><strong>Cabalisticae</strong></span> <span class='ocrx_word' id='word_1_26' title='bbox 1166 709 1258 774; x_wconf 87' lang='lat' dir='ltr'><strong>suavi-</strong></span> 
     </span>
     <span class='ocr_line' id='line_1_5' title="bbox 95 813 1259 904; baseline -0.006 -19"><span class='ocrx_word' id='word_1_27' title='bbox 95 820 184 887; x_wconf 88' lang='lat' dir='ltr'><strong>tatis.</strong></span> <span class='ocrx_word' id='word_1_28' title='bbox 230 818 367 884; x_wconf 86' lang='lat' dir='ltr'><strong>Adime</strong></span> <span class='ocrx_word' id='word_1_29' title='bbox 391 836 501 904; x_wconf 84' lang='lat' dir='ltr'><strong>quaeso</strong></span> <span class='ocrx_word' id='word_1_30' title='bbox 524 815 590 880; x_wconf 84' lang='lat' dir='ltr'><strong>tuis</strong></span> <span class='ocrx_word' id='word_1_31' title='bbox 614 815 812 881; x_wconf 78' lang='lat' dir='ltr'><strong>suavissimis</strong></span> <span class='ocrx_word' id='word_1_32' title='bbox 835 816 939 882; x_wconf 87' lang='lat' dir='ltr'><strong>literis</strong></span> <span class='ocrx_word' id='word_1_33' title='bbox 962 813 1197 882; x_wconf 84' lang='lat' dir='ltr'><strong>Oabalirtieam</strong></span> <span class='ocrx_word' id='word_1_34' title='bbox 1218 835 1259 879; x_wconf 86' lang='lat' dir='ltr'><strong>re·</strong></span> 
     </span>
     <span class='ocr_line' id='line_1_6' title="bbox 97 918 1258 1007; baseline -0.005 -17"><span class='ocrx_word' id='word_1_35' title='bbox 97 923 243 991; x_wconf 82' lang='lat' dir='ltr'><strong>dolentes</strong></span> <span class='ocrx_word' id='word_1_36' title='bbox 253 924 289 1006; x_wconf 88' lang='grc'><strong>(1)</strong></span> <span class='ocrx_word' id='word_1_37' title='bbox 305 922 520 1007; x_wconf 87' lang='lat' dir='ltr'><strong>flagrantiam.</strong></span> <span class='ocrx_word' id='word_1_38' title='bbox 545 918 579 986; x_wconf 85' lang='lat' dir='ltr'><strong>Si</strong></span> <span class='ocrx_word' id='word_1_39' title='bbox 595 920 779 1004; x_wconf 87' lang='lat' dir='ltr'><strong>quempiam</strong></span> <span class='ocrx_word' id='word_1_40' title='bbox 788 920 934 988; x_wconf 90' lang='lat' dir='ltr'><strong>libellum</strong></span> <span class='ocrx_word' id='word_1_41' title='bbox 952 919 1200 999; x_wconf 84' lang='lat' dir='ltr'><strong>Cabalieticum,</strong></span> <span class='ocrx_word' id='word_1_42' title='bbox 1220 919 1258 984; x_wconf 91' lang='lat' dir='ltr'><strong>io·</strong></span> 
     </span>
     <span class='ocr_line' id='line_1_7' title="bbox 96 1023 1258 1113; baseline -0.005 -18"><span class='ocrx_word' id='word_1_43' title='bbox 96 1035 313 1113; x_wconf 84' lang='lat' dir='ltr'><strong>terpretetum</strong></span> <span class='ocrx_word' id='word_1_44' title='bbox 341 1026 444 1093; x_wconf 87' lang='lat' dir='ltr'><strong>habes</strong></span> <span class='ocrx_word' id='word_1_45' title='bbox 475 1023 617 1107; x_wconf 75' lang='lat' dir='ltr'><strong>(seclusa</strong></span> <span class='ocrx_word' id='word_1_46' title='bbox 646 1030 743 1109; x_wconf 86' lang='lat' dir='ltr'><strong>porta</strong></span> <span class='ocrx_word' id='word_1_47' title='bbox 770 1025 894 1108; x_wconf 85' lang='lat' dir='ltr'><strong>lueis)¹</strong></span> <span class='ocrx_word' id='word_1_48' title='bbox 929 1025 971 1091; x_wconf 82' lang='lat' dir='ltr'><strong>ad</strong></span> <span class='ocrx_word' id='word_1_49' title='bbox 1000 1045 1052 1090; x_wconf 90' lang='lat' dir='ltr'><strong>me</strong></span> <span class='ocrx_word' id='word_1_50' title='bbox 1076 1044 1188 1110; x_wconf 84' lang='lat' dir='ltr'><strong>quaeso</strong></span> <span class='ocrx_word' id='word_1_51' title='bbox 1210 1023 1258 1090; x_wconf 86' lang='lat' dir='ltr'><strong>des</strong></span> 
     </span>
     <span class='ocr_line' id='line_1_8' title="bbox 97 1126 1259 1215; baseline -0.007 -15"><span class='ocrx_word' id='word_1_52' title='bbox 97 1131 354 1200; x_wconf 84' lang='lat' dir='ltr'><strong>exscribendum.</strong></span> <span class='ocrx_word' id='word_1_53' title='bbox 379 1131 453 1198; x_wconf 88' lang='lat' dir='ltr'><strong>Noli</strong></span> <span class='ocrx_word' id='word_1_54' title='bbox 469 1149 578 1215; x_wconf 83' lang='lat' dir='ltr'><strong>quaeso</strong></span> <span class='ocrx_word' id='word_1_55' title='bbox 591 1136 624 1195; x_wconf 93' lang='lat' dir='ltr'><strong>te</strong></span> <span class='ocrx_word' id='word_1_56' title='bbox 640 1129 810 1197; x_wconf 88' lang='lat' dir='ltr'><strong>literarum</strong></span> <span class='ocrx_word' id='word_1_57' title='bbox 834 1129 988 1197; x_wconf 80' lang='lat' dir='ltr'><strong>studiosis</strong></span> <span class='ocrx_word' id='word_1_58' title='bbox 1004 1128 1174 1196; x_wconf 85' lang='lat' dir='ltr'><strong>difficilem</strong></span> <span class='ocrx_word' id='word_1_59' title='bbox 1197 1126 1259 1194; x_wconf 87' lang='lat' dir='ltr'><strong>red·</strong></span> 
     </span>
     <span class='ocr_line' id='line_1_9' title="bbox 96 1234 1258 1320; baseline -0.005 -14"><span class='ocrx_word' id='word_1_60' title='bbox 96 1239 174 1306; x_wconf 88' lang='lat' dir='ltr'><strong>dere</strong></span> <span class='ocrx_word' id='word_1_61' title='bbox 197 1238 230 1302; x_wconf 92' lang='lat' dir='ltr'><strong>in</strong></span> <span class='ocrx_word' id='word_1_62' title='bbox 259 1234 535 1303; x_wconf 85' lang='lat' dir='ltr'><strong>communicandis</strong></span> <span class='ocrx_word' id='word_1_63' title='bbox 565 1234 658 1301; x_wconf 88' lang='lat' dir='ltr'><strong>libris</strong></span> <span class='ocrx_word' id='word_1_64' title='bbox 690 1257 771 1320; x_wconf 91' lang='lat' dir='ltr'><strong>quos</strong></span> <span class='ocrx_word' id='word_1_65' title='bbox 802 1234 852 1301; x_wconf 91' lang='lat' dir='ltr'><strong>vel</strong></span> <span class='ocrx_word' id='word_1_66' title='bbox 876 1236 996 1301; x_wconf 91' lang='lat' dir='ltr'><strong>invitus</strong></span> <span class='ocrx_word' id='word_1_67' title='bbox 1029 1235 1122 1301; x_wconf 89' lang='lat' dir='ltr'><strong>brevi</strong></span> <span class='ocrx_word' id='word_1_68' title='bbox 1152 1234 1197 1300; x_wconf 87' lang='lat' dir='ltr'><strong>sis</strong></span> <span class='ocrx_word' id='word_1_69' title='bbox 1217 1253 1258 1299; x_wconf 81' lang='lat' dir='ltr'><strong>re</strong></span> 
     </span>
     <span class='ocr_line' id='line_1_10' title="bbox 95 1339 1258 1426; baseline -0.004 -17"><span class='ocrx_word' id='word_1_70' title='bbox 95 1343 233 1409; x_wconf 90' lang='lat' dir='ltr'><strong>licturus</strong></span> <span class='ocrx_word' id='word_1_71' title='bbox 263 1362 383 1408; x_wconf 88' lang='lat' dir='ltr'><strong>omnes.</strong></span> <span class='ocrx_word' id='word_1_72' title='bbox 409 1340 506 1407; x_wconf 84' lang='lat' dir='ltr'><strong>Brevi</strong></span> <span class='ocrx_word' id='word_1_73' title='bbox 528 1339 612 1420; x_wconf 85' lang='lat' dir='ltr'><strong>dixi,</strong></span> <span class='ocrx_word' id='word_1_74' title='bbox 642 1340 729 1425; x_wconf 85' lang='lat' dir='ltr'><strong>quod</strong></span> <span class='ocrx_word' id='word_1_75' title='bbox 759 1342 849 1407; x_wconf 87' lang='lat' dir='ltr'><strong>senio</strong></span> <span class='ocrx_word' id='word_1_76' title='bbox 872 1341 1064 1426; x_wconf 72' lang='lat' dir='ltr'><strong>grandevus</strong></span> <span class='ocrx_word' id='word_1_77' title='bbox 1095 1345 1131 1405; x_wconf 88' lang='lat' dir='ltr'><strong>et</strong></span> <span class='ocrx_word' id='word_1_78' title='bbox 1162 1339 1258 1405; x_wconf 90' lang='lat' dir='ltr'><strong>nescio</strong></span> 
     </span>
     <span class='ocr_line' id='line_1_11' title="bbox 95 1443 1260 1534; baseline -0.005 -18"><span class='ocrx_word' id='word_1_79' title='bbox 95 1446 225 1534; x_wconf 89' lang='lat' dir='ltr'><strong>quando</strong></span> <span class='ocrx_word' id='word_1_80' title='bbox 252 1468 388 1530; x_wconf 88' lang='lat' dir='ltr'><strong>magnus</strong></span> <span class='ocrx_word' id='word_1_81' title='bbox 410 1444 466 1511; x_wconf 90' lang='lat' dir='ltr'><strong>ille</strong></span> <span class='ocrx_word' id='word_1_82' title='bbox 489 1450 585 1530; x_wconf 88' lang='lat' dir='ltr'><strong>pater</strong></span> <span class='ocrx_word' id='word_1_83' title='bbox 608 1445 747 1512; x_wconf 82' lang='lat' dir='ltr'><strong>familias</strong></span> <span class='ocrx_word' id='word_1_84' title='bbox 775 1447 934 1513; x_wconf 89' lang='lat' dir='ltr'><strong>rationem</strong></span> <span class='ocrx_word' id='word_1_85' title='bbox 956 1466 978 1512; x_wconf 89' lang='lat' dir='ltr'><strong>a</strong></span> <span class='ocrx_word' id='word_1_86' title='bbox 1000 1452 1034 1512; x_wconf 91' lang='lat' dir='ltr'><strong>te</strong></span> <span class='ocrx_word' id='word_1_87' title='bbox 1058 1445 1103 1511; x_wconf 91' lang='lat' dir='ltr'><strong>sit</strong></span> <span class='ocrx_word' id='word_1_88' title='bbox 1127 1443 1260 1530; x_wconf 85' lang='lat' dir='ltr'><strong>postula·</strong></span> 
     </span>
     <span class='ocr_line' id='line_1_12' title="bbox 95 1549 1258 1621; baseline -0.004 -1"><span class='ocrx_word' id='word_1_89' title='bbox 95 1561 197 1621; x_wconf 89' lang='lat' dir='ltr'><strong>turus.</strong></span> <span class='ocrx_word' id='word_1_90' title='bbox 244 1551 296 1618; x_wconf 82' lang='lat' dir='ltr'><strong>Ad</strong></span> <span class='ocrx_word' id='word_1_91' title='bbox 319 1573 426 1618; x_wconf 90' lang='lat' dir='ltr'><strong>meam</strong></span> <span class='ocrx_word' id='word_1_92' title='bbox 449 1557 558 1617; x_wconf 90' lang='lat' dir='ltr'><strong>tamen</strong></span> <span class='ocrx_word' id='word_1_93' title='bbox 582 1558 615 1615; x_wconf 91' lang='lat' dir='ltr'><strong>et</strong></span> <span class='ocrx_word' id='word_1_94' title='bbox 644 1550 837 1618; x_wconf 85' lang='lat' dir='ltr'><strong>universalis</strong></span> <span class='ocrx_word' id='word_1_95' title='bbox 860 1550 1004 1616; x_wconf 81' lang='lat' dir='ltr'><strong>ecclesiae</strong></span> <span class='ocrx_word' id='word_1_96' title='bbox 1031 1549 1258 1617; x_wconf 86' lang='lat' dir='ltr'><strong>utilitatemin</strong></span> 
     </span>
     <span class='ocr_line' id='line_1_13' title="bbox 95 1653 1254 1746; baseline -0.006 -21"><span class='ocrx_word' id='word_1_97' title='bbox 95 1658 206 1746; x_wconf 87' lang='lat' dir='ltr'><strong>plures</strong></span> <span class='ocrx_word' id='word_1_98' title='bbox 246 1655 375 1724; x_wconf 87' lang='lat' dir='ltr'><strong>differat</strong></span> <span class='ocrx_word' id='word_1_99' title='bbox 411 1677 512 1723; x_wconf 89' lang='lat' dir='ltr'><strong>annos</strong></span> <span class='ocrx_word' id='word_1_100' title='bbox 547 1654 722 1721; x_wconf 89' lang='lat' dir='ltr'><strong>adventum</strong></span> <span class='ocrx_word' id='word_1_101' title='bbox 749 1673 843 1721; x_wconf 85' lang='lat' dir='ltr'><strong>suum</strong></span> <span class='ocrx_word' id='word_1_102' title='bbox 881 1653 925 1721; x_wconf 88' lang='lat' dir='ltr'><strong>ad</strong></span> <span class='ocrx_word' id='word_1_103' title='bbox 959 1661 992 1721; x_wconf 91' lang='lat' dir='ltr'><strong>te</strong></span> <span class='ocrx_word' id='word_1_104' title='bbox 1025 1662 1105 1741; x_wconf 89' lang='lat' dir='ltr'><strong>opto</strong></span> <span class='ocrx_word' id='word_1_105' title='bbox 1131 1655 1254 1721; x_wconf 87' lang='lat' dir='ltr'><strong>enixius.</strong></span> 
     </span>
     <span class='ocr_line' id='line_1_14' title="bbox 97 1760 1257 1847; baseline -0.006 -16"><span class='ocrx_word' id='word_1_106' title='bbox 97 1765 168 1844; x_wconf 80' lang='lat' dir='ltr'><strong>Qua</strong></span> <span class='ocrx_word' id='word_1_107' title='bbox 184 1764 316 1847; x_wconf 85' lang='lat' dir='ltr'><strong>insuper</strong></span> <span class='ocrx_word' id='word_1_108' title='bbox 331 1761 514 1829; x_wconf 89' lang='lat' dir='ltr'><strong>conditione</strong></span> <span class='ocrx_word' id='word_1_109' title='bbox 525 1761 786 1828; x_wconf 90' lang='lat' dir='ltr'><strong>adversariorum</strong></span> <span class='ocrx_word' id='word_1_110' title='bbox 802 1767 931 1828; x_wconf 89' lang='lat' dir='ltr'><strong>tuorum</strong></span> <span class='ocrx_word' id='word_1_111' title='bbox 948 1781 1048 1826; x_wconf 88' lang='lat' dir='ltr'><strong>causa</strong></span> <span class='ocrx_word' id='word_1_112' title='bbox 1064 1760 1108 1826; x_wconf 90' lang='lat' dir='ltr'><strong>sit</strong></span> <span class='ocrx_word' id='word_1_113' title='bbox 1126 1761 1257 1826; x_wconf 85' lang='lat' dir='ltr'><strong>extincta</strong></span> 
     </span>
     <span class='ocr_line' id='line_1_15' title="bbox 96 1866 531 1952; baseline -0.011 -16"><span class='ocrx_word' id='word_1_114' title='bbox 96 1885 226 1936; x_wconf 87' lang='lat' dir='ltr'><strong>rursum</strong></span> <span class='ocrx_word' id='word_1_115' title='bbox 257 1867 340 1934; x_wconf 86' lang='lat' dir='ltr'><strong>scire</strong></span> <span class='ocrx_word' id='word_1_116' title='bbox 363 1866 531 1952; x_wconf 81' lang='lat' dir='ltr'><strong>desydero.</strong></span> 
     </span>
    </p>

    <p class='ocr_par' dir='ltr' id='par_1_3' title="bbox 7 1961 1260 3822">
     <span class='ocr_line' id='line_1_16' title="bbox 188 1961 1259 2057; baseline -0.002 -19"><span class='ocrx_word' id='word_1_117' title='bbox 188 1973 326 2038; x_wconf 83' lang='lat' dir='ltr'><strong>Domum</strong></span> <span class='ocrx_word' id='word_1_118' title='bbox 349 1978 506 2057; x_wconf 89' lang='lat' dir='ltr'><strong>quantum</strong></span> <span class='ocrx_word' id='word_1_119' title='bbox 522 1970 566 2037; x_wconf 86' lang='lat' dir='ltr'><strong>ad</strong></span> <span class='ocrx_word' id='word_1_120' title='bbox 582 1971 664 2037; x_wconf 89' lang='lat' dir='ltr'><strong>hanc</strong></span> <span class='ocrx_word' id='word_1_121' title='bbox 680 1971 826 2038; x_wconf 88' lang='lat' dir='ltr'><strong>voculam</strong></span> <span class='ocrx_word' id='word_1_122' title='bbox 851 1961 908 2055; x_wconf 61' lang='grc' dir='ltr'><strong>’ξφ</strong></span> <span class='ocrx_word' id='word_1_123' title='bbox 926 1970 938 2010; x_wconf 78' lang='lat'>²</span> <span class='ocrx_word' id='word_1_124' title='bbox 961 1977 1100 2056; x_wconf 81' lang='lat' dir='ltr'><strong>spectat,</strong></span> <span class='ocrx_word' id='word_1_125' title='bbox 1116 1972 1200 2039; x_wconf 86' lang='lat' dir='ltr'><strong>scias</strong></span> <span class='ocrx_word' id='word_1_126' title='bbox 1218 1993 1259 2037; x_wconf 87' lang='lat' dir='ltr'><strong>me</strong></span> 
     </span>
     <span class='ocr_line' id='line_1_17' title="bbox 99 2075 1260 2162; baseline -0.001 -19"><span class='ocrx_word' id='word_1_127' title='bbox 99 2075 173 2143; x_wconf 91' lang='lat' dir='ltr'><strong>ideo</strong></span> <span class='ocrx_word' id='word_1_128' title='bbox 198 2075 360 2143; x_wconf 88' lang='lat' dir='ltr'><strong>dubitare.</strong></span> <span class='ocrx_word' id='word_1_129' title='bbox 394 2077 499 2156; x_wconf 84' lang='lat' dir='ltr'><strong>Quum</strong></span> <span class='ocrx_word' id='word_1_130' title='bbox 523 2078 606 2142; x_wconf 89' lang='lat' dir='ltr'><strong>enim</strong></span> <span class='ocrx_word' id='word_1_131' title='bbox 637 2086 700 2162; x_wconf 62' lang='lat'><strong>023</strong></span> <span class='ocrx_word' id='word_1_132' title='bbox 724 2078 849 2142; x_wconf 89' lang='lat' dir='ltr'><strong>vincam</strong></span> <span class='ocrx_word' id='word_1_133' title='bbox 873 2076 1041 2161; x_wconf 89' lang='lat' dir='ltr'><strong>significet,</strong></span> <span class='ocrx_word' id='word_1_134' title='bbox 1069 2085 1108 2143; x_wconf 90' lang='lat' dir='ltr'><strong>ut</strong></span> <span class='ocrx_word' id='word_1_135' title='bbox 1131 2079 1165 2143; x_wconf 91' lang='lat' dir='ltr'><strong>in</strong></span> <span class='ocrx_word' id='word_1_136' title='bbox 1187 2077 1260 2144; x_wconf 89' lang='lat' dir='ltr'><strong>rudi·</strong></span> 
     </span>
     <span class='ocr_line' id='line_1_18' title="bbox 97 2180 1256 2268; baseline 0 -20"><span class='ocrx_word' id='word_1_137' title='bbox 97 2183 215 2249; x_wconf 86' lang='lat' dir='ltr'><strong>mentis</strong></span> <span class='ocrx_word' id='word_1_138' title='bbox 238 2181 303 2248; x_wconf 87' lang='lat' dir='ltr'><strong>tuis</strong></span> <span class='ocrx_word' id='word_1_139' title='bbox 328 2180 448 2266; x_wconf 88' lang='lat' dir='ltr'><strong>legitur</strong></span> <span class='ocrx_word' id='word_1_140' title='bbox 471 2181 587 2247; x_wconf 90' lang='lat' dir='ltr'><strong>charta</strong></span> <span class='ocrx_word' id='word_1_141' title='bbox 612 2188 685 2261; x_wconf 79' lang='lat'>255,</span> <span class='ocrx_word' id='word_1_142' title='bbox 709 2183 736 2248; x_wconf 88' lang='lat' dir='ltr'><strong>si</strong></span> <span class='ocrx_word' id='word_1_143' title='bbox 756 2182 813 2267; x_wconf 92' lang='lat' dir='ltr'><strong>jod</strong></span> <span class='ocrx_word' id='word_1_144' title='bbox 834 2183 865 2248; x_wconf 92' lang='lat' dir='ltr'><strong>ei</strong></span> <span class='ocrx_word' id='word_1_145' title='bbox 887 2182 1088 2268; x_wconf 88' lang='lat' dir='ltr'><strong>adjungitur,</strong></span> <span class='ocrx_word' id='word_1_146' title='bbox 1112 2184 1256 2268; x_wconf 87' lang='lat' dir='ltr'><strong>interpro-</strong></span> 
     </span>
     <span class='ocr_line' id='line_1_19' title="bbox 95 2286 1255 2364; baseline -0.003 -10"><span class='ocrx_word' id='word_1_147' title='bbox 95 2292 187 2354; x_wconf 87' lang='lat' dir='ltr'><strong>tatur</strong></span> <span class='ocrx_word' id='word_1_148' title='bbox 209 2286 361 2353; x_wconf 90' lang='lat' dir='ltr'><strong>nimirum</strong></span> <span class='ocrx_word' id='word_1_149' title='bbox 377 2287 470 2352; x_wconf 86' lang='lat' dir='ltr'><strong>vinea</strong></span> <span class='ocrx_word' id='word_1_150' title='bbox 496 2308 578 2364; x_wconf 85' lang='lat' dir='ltr'><strong>mea,</strong></span> <span class='ocrx_word' id='word_1_151' title='bbox 603 2299 637 2352; x_wconf 91' lang='lat' dir='ltr'><strong>ut</strong></span> <span class='ocrx_word' id='word_1_152' title='bbox 665 2286 805 2354; x_wconf 88' lang='lat' dir='ltr'><strong>habetur</strong></span> <span class='ocrx_word' id='word_1_153' title='bbox 827 2288 861 2353; x_wconf 93' lang='lat' dir='ltr'><strong>in</strong></span> <span class='ocrx_word' id='word_1_154' title='bbox 883 2288 1074 2354; x_wconf 79' lang='lat' dir='ltr'><strong>rudimentis</strong></span> <span class='ocrx_word' id='word_1_155' title='bbox 1096 2290 1163 2355; x_wconf 86' lang='lat' dir='ltr'><strong>tuis</strong></span> <span class='ocrx_word' id='word_1_156' title='bbox 1185 2288 1255 2355; x_wconf 84' lang='lat' dir='ltr'><strong>facie</strong></span> 
     </span>
     <span class='ocr_line' id='line_1_20' title="bbox 98 2390 1256 2478; baseline -0.001 -21"><span class='ocrx_word' id='word_1_157' title='bbox 98 2397 171 2458; x_wconf 86' lang='grc'><strong>579.</strong></span> <span class='ocrx_word' id='word_1_158' title='bbox 203 2390 308 2470; x_wconf 85' lang='lat' dir='ltr'><strong>Quum</strong></span> <span class='ocrx_word' id='word_1_159' title='bbox 336 2413 413 2476; x_wconf 89' lang='lat' dir='ltr'><strong>ergo</strong></span> <span class='ocrx_word' id='word_1_160' title='bbox 438 2403 516 2452; x_wconf 59' lang='lat' dir='ltr'><strong>rar:</strong></span> <span class='ocrx_word' id='word_1_161' title='bbox 549 2392 671 2458; x_wconf 86' lang='lat' dir='ltr'><strong>scilicet</strong></span> <span class='ocrx_word' id='word_1_162' title='bbox 700 2393 826 2459; x_wconf 88' lang='lat' dir='ltr'><strong>vineam</strong></span> <span class='ocrx_word' id='word_1_163' title='bbox 847 2415 961 2473; x_wconf 85' lang='lat' dir='ltr'><strong>meam,</strong></span> <span class='ocrx_word' id='word_1_164' title='bbox 991 2393 1069 2478; x_wconf 91' lang='lat' dir='ltr'><strong>quid</strong></span> <span class='ocrx_word' id='word_1_165' title='bbox 1105 2414 1188 2478; x_wconf 89' lang='lat' dir='ltr'><strong>opus</strong></span> <span class='ocrx_word' id='word_1_166' title='bbox 1215 2399 1256 2458; x_wconf 86' lang='lat' dir='ltr'><strong>eat</strong></span> 
     </span>
     <span class='ocr_line' id='line_1_21' title="bbox 97 2489 1256 2582; baseline 0 -19"><span class='ocrx_word' id='word_1_167' title='bbox 97 2495 220 2563; x_wconf 88' lang='lat' dir='ltr'><strong>addere</strong></span> <span class='ocrx_word' id='word_1_168' title='bbox 237 2489 304 2581; x_wconf 53' lang='lat' dir='ltr'><strong>&#39;itt</strong></span> <span class='ocrx_word' id='word_1_169' title='bbox 322 2496 408 2582; x_wconf 91' lang='lat' dir='ltr'><strong>quod</strong></span> <span class='ocrx_word' id='word_1_170' title='bbox 433 2502 469 2562; x_wconf 93' lang='lat' dir='ltr'><strong>tu</strong></span> <span class='ocrx_word' id='word_1_171' title='bbox 492 2496 575 2563; x_wconf 81' lang='lat' dir='ltr'><strong>facie</strong></span> <span class='ocrx_word' id='word_1_172' title='bbox 590 2497 889 2581; x_wconf 82' lang='lat' dir='ltr'><strong>576ioterprctaris</strong></span> <span class='ocrx_word' id='word_1_173' title='bbox 910 2499 983 2565; x_wconf 89' lang='lat' dir='ltr'><strong>mei.</strong></span> <span class='ocrx_word' id='word_1_174' title='bbox 1007 2498 1085 2577; x_wconf 79' lang='lat' dir='ltr'><strong>Qua</strong></span> <span class='ocrx_word' id='word_1_175' title='bbox 1101 2519 1175 2564; x_wconf 92' lang='lat' dir='ltr'><strong>nam</strong></span> <span class='ocrx_word' id='word_1_176' title='bbox 1192 2519 1256 2582; x_wconf 88' lang='lat' dir='ltr'><strong>ergo</strong></span> 
     </span>
     <span class='ocr_line' id='line_1_22' title="bbox 97 2593 1255 2687; baseline -0.002 -19"><span class='ocrx_word' id='word_1_177' title='bbox 97 2602 160 2669; x_wconf 90' lang='lat' dir='ltr'><strong>erit</strong></span> <span class='ocrx_word' id='word_1_178' title='bbox 192 2604 363 2668; x_wconf 87' lang='lat' dir='ltr'><strong>sententia.</strong></span> <span class='ocrx_word' id='word_1_179' title='bbox 412 2602 543 2668; x_wconf 89' lang='lat' dir='ltr'><strong>Vineam</strong></span> <span class='ocrx_word' id='word_1_180' title='bbox 578 2623 684 2669; x_wconf 88' lang='lat' dir='ltr'><strong>meam</strong></span> <span class='ocrx_word' id='word_1_181' title='bbox 712 2593 777 2669; x_wconf 79' lang='lat' dir='ltr'><strong>mei</strong></span> <span class='ocrx_word' id='word_1_182' title='bbox 804 2625 869 2670; x_wconf 91' lang='lat' dir='ltr'><strong>non</strong></span> <span class='ocrx_word' id='word_1_183' title='bbox 900 2602 1069 2683; x_wconf 89' lang='lat' dir='ltr'><strong>custodivi,</strong></span> <span class='ocrx_word' id='word_1_184' title='bbox 1100 2624 1160 2687; x_wconf 85' lang='lat' dir='ltr'><strong>ego</strong></span> <span class='ocrx_word' id='word_1_185' title='bbox 1190 2623 1255 2671; x_wconf 86' lang='lat' dir='ltr'><strong>eane</strong></span> 
     </span>
     <span class='ocr_line' id='line_1_23' title="bbox 98 2706 1256 2794; baseline -0.003 -20"><span class='ocrx_word' id='word_1_186' title='bbox 98 2706 251 2791; x_wconf 87' lang='lat' dir='ltr'><strong>augurari</strong></span> <span class='ocrx_word' id='word_1_187' title='bbox 281 2727 344 2772; x_wconf 89' lang='lat' dir='ltr'><strong>non</strong></span> <span class='ocrx_word' id='word_1_188' title='bbox 371 2727 511 2792; x_wconf 86' lang='lat' dir='ltr'><strong>possum.</strong></span> <span class='ocrx_word' id='word_1_189' title='bbox 542 2706 605 2772; x_wconf 85' lang='lat' dir='ltr'><strong>Si³</strong></span> <span class='ocrx_word' id='word_1_190' title='bbox 628 2729 704 2775; x_wconf 83' lang='lat' dir='ltr'><strong>vero</strong></span> <span class='ocrx_word' id='word_1_191' title='bbox 739 2722 818 2770; x_wconf 64' lang='lat' dir='ltr'><strong>’nvn</strong></span> <span class='ocrx_word' id='word_1_192' title='bbox 849 2716 900 2775; x_wconf 86' lang='lat' dir='ltr'><strong>est</strong></span> <span class='ocrx_word' id='word_1_193' title='bbox 927 2707 1063 2794; x_wconf 87' lang='lat' dir='ltr'><strong>pluralis</strong></span> <span class='ocrx_word' id='word_1_194' title='bbox 1085 2709 1211 2774; x_wconf 88' lang='lat' dir='ltr'><strong>numeri</strong></span> <span class='ocrx_word' id='word_1_195' title='bbox 1232 2713 1256 2773; x_wconf 90' lang='lat' dir='ltr'><strong>et</strong></span> 
     </span>
     <span class='ocr_line' id='line_1_24' title="bbox 98 2811 1256 2901; baseline 0 -23"><span class='ocrx_word' id='word_1_196' title='bbox 98 2811 249 2897; x_wconf 87' lang='lat' dir='ltr'><strong>abjicitur</strong></span> <span class='ocrx_word' id='word_1_197' title='bbox 274 2821 306 2891; x_wconf 76' lang='lat'><strong>⁷2,</strong></span> <span class='ocrx_word' id='word_1_198' title='bbox 331 2817 367 2876; x_wconf 91' lang='lat' dir='ltr'><strong>tu</strong></span> <span class='ocrx_word' id='word_1_199' title='bbox 390 2831 498 2896; x_wconf 80' lang='lat' dir='ltr'><strong>queso</strong></span> <span class='ocrx_word' id='word_1_200' title='bbox 530 2811 609 2878; x_wconf 90' lang='lat' dir='ltr'><strong>doce</strong></span> <span class='ocrx_word' id='word_1_201' title='bbox 633 2834 699 2898; x_wconf 89' lang='lat' dir='ltr'><strong>qna</strong></span> <span class='ocrx_word' id='word_1_202' title='bbox 729 2815 762 2881; x_wconf 89' lang='lat' dir='ltr'><strong>id</strong></span> <span class='ocrx_word' id='word_1_203' title='bbox 790 2814 849 2882; x_wconf 85' lang='lat' dir='ltr'><strong>fiat</strong></span> <span class='ocrx_word' id='word_1_204' title='bbox 872 2815 997 2880; x_wconf 89' lang='lat' dir='ltr'><strong>ratione</strong></span> <span class='ocrx_word' id='word_1_205' title='bbox 1029 2835 1163 2901; x_wconf 88' lang='lat' dir='ltr'><strong>quaque</strong></span> <span class='ocrx_word' id='word_1_206' title='bbox 1194 2833 1256 2880; x_wconf 90' lang='lat' dir='ltr'><strong>con·</strong></span> 
     </span>
     <span class='ocr_line' id='line_1_25' title="bbox 97 2909 1256 3003; baseline -0.001 -21"><span class='ocrx_word' id='word_1_207' title='bbox 97 2916 253 2982; x_wconf 88' lang='lat' dir='ltr'><strong>cinnitate</strong></span> <span class='ocrx_word' id='word_1_208' title='bbox 281 2917 429 3002; x_wconf 89' lang='lat' dir='ltr'><strong>sequitur</strong></span> <span class='ocrx_word' id='word_1_209' title='bbox 453 2909 509 2976; x_wconf 67' lang='lat'><strong>&#39;5225</strong></span> <span class='ocrx_word' id='word_1_210' title='bbox 535 2925 611 2983; x_wconf 89' lang='lat' dir='ltr'><strong>tunc</strong></span> <span class='ocrx_word' id='word_1_211' title='bbox 635 2920 719 2986; x_wconf 88' lang='lat' dir='ltr'><strong>enim</strong></span> <span class='ocrx_word' id='word_1_212' title='bbox 742 2920 826 2987; x_wconf 85' lang='lat' dir='ltr'><strong>forte</strong></span> <span class='ocrx_word' id='word_1_213' title='bbox 854 2919 1139 3003; x_wconf 88' lang='lat' dir='ltr'><strong>interpretandum</strong></span> <span class='ocrx_word' id='word_1_214' title='bbox 1168 2919 1256 2986; x_wconf 84' lang='lat' dir='ltr'><strong>foret:</strong></span> 
     </span>
     <span class='ocr_line' id='line_1_26' title="bbox 96 3020 1257 3092; baseline 0.003 -7"><span class='ocrx_word' id='word_1_215' title='bbox 96 3020 273 3086; x_wconf 87' lang='lat' dir='ltr'><strong>Vinearum</strong></span> <span class='ocrx_word' id='word_1_216' title='bbox 288 3040 394 3085; x_wconf 87' lang='lat' dir='ltr'><strong>meam</strong></span> <span class='ocrx_word' id='word_1_217' title='bbox 409 3042 472 3087; x_wconf 90' lang='lat' dir='ltr'><strong>non</strong></span> <span class='ocrx_word' id='word_1_218' title='bbox 489 3021 656 3088; x_wconf 86' lang='lat' dir='ltr'><strong>custodivi.</strong></span> <span class='ocrx_word' id='word_1_219' title='bbox 680 3024 740 3091; x_wconf 84' lang='lat' dir='ltr'><strong>Eat</strong></span> <span class='ocrx_word' id='word_1_220' title='bbox 762 3024 895 3091; x_wconf 86' lang='lat' dir='ltr'><strong>Judaeus</strong></span> <span class='ocrx_word' id='word_1_221' title='bbox 917 3027 949 3090; x_wconf 90' lang='lat' dir='ltr'><strong>in</strong></span> <span class='ocrx_word' id='word_1_222' title='bbox 970 3024 1105 3090; x_wconf 88' lang='lat' dir='ltr'><strong>Hoohen</strong></span> <span class='ocrx_word' id='word_1_223' title='bbox 1134 3026 1257 3092; x_wconf 87' lang='lat' dir='ltr'><strong>Rauueu</strong></span> 
     </span>
     <span class='ocr_line' id='line_1_27' title="bbox 7 3119 1256 3213; baseline 0.006 -26"><span class='ocrx_word' id='word_1_224' title='bbox 7 3195 9 3199; x_wconf 17' lang='lat'><strong><em>¹</em></strong></span> <span class='ocrx_word' id='word_1_225' title='bbox 98 3123 155 3209; x_wconf 89' lang='lat' dir='ltr'><strong>qni</strong></span> <span class='ocrx_word' id='word_1_226' title='bbox 188 3123 301 3191; x_wconf 85' lang='lat' dir='ltr'><strong>scribit</strong></span> <span class='ocrx_word' id='word_1_227' title='bbox 336 3123 380 3190; x_wconf 86' lang='lat' dir='ltr'><strong>ad</strong></span> <span class='ocrx_word' id='word_1_228' title='bbox 418 3147 468 3192; x_wconf 90' lang='lat' dir='ltr'><strong>me</strong></span> <span class='ocrx_word' id='word_1_229' title='bbox 501 3119 558 3186; x_wconf 66' lang='lat'><strong>’3222</strong></span> <span class='ocrx_word' id='word_1_230' title='bbox 590 3127 770 3213; x_wconf 87' lang='lat' dir='ltr'><strong>significare</strong></span> <span class='ocrx_word' id='word_1_231' title='bbox 801 3151 915 3195; x_wconf 88' lang='lat' dir='ltr'><strong>meam.</strong></span> <span class='ocrx_word' id='word_1_232' title='bbox 980 3130 1013 3196; x_wconf 88' lang='lat' dir='ltr'><strong>Si</strong></span> <span class='ocrx_word' id='word_1_233' title='bbox 1047 3137 1160 3197; x_wconf 89' lang='lat' dir='ltr'><strong>autem</strong></span> <span class='ocrx_word' id='word_1_234' title='bbox 1193 3150 1256 3197; x_wconf 90' lang='lat' dir='ltr'><strong>eun</strong></span> 
     </span>
     <span class='ocr_line' id='line_1_28' title="bbox 97 3226 1258 3322; baseline 0.003 -27"><span class='ocrx_word' id='word_1_235' title='bbox 97 3250 198 3315; x_wconf 82' lang='lat' dir='ltr'><strong>urgeo</strong></span> <span class='ocrx_word' id='word_1_236' title='bbox 226 3226 305 3314; x_wconf 88' lang='lat' dir='ltr'><strong>quid</strong></span> <span class='ocrx_word' id='word_1_237' title='bbox 335 3228 437 3297; x_wconf 84' lang='lat' dir='ltr'><strong>iaciat</strong></span> <span class='ocrx_word' id='word_1_238' title='bbox 459 3229 591 3297; x_wconf 86' lang='lat' dir='ltr'><strong>affixum</strong></span> <span class='ocrx_word' id='word_1_239' title='bbox 618 3232 677 3317; x_wconf 85' lang='lat' dir='ltr'><strong>jod</strong></span> <span class='ocrx_word' id='word_1_240' title='bbox 707 3234 740 3299; x_wconf 89' lang='lat' dir='ltr'><strong>in</strong></span> <span class='ocrx_word' id='word_1_241' title='bbox 771 3246 870 3315; x_wconf 63' lang='grc' dir='ltr'><strong>’να-13,</strong></span> <span class='ocrx_word' id='word_1_242' title='bbox 910 3243 989 3319; x_wconf 91' lang='lat' dir='ltr'><strong>puto</strong></span> <span class='ocrx_word' id='word_1_243' title='bbox 1012 3236 1100 3322; x_wconf 90' lang='lat' dir='ltr'><strong>quod</strong></span> <span class='ocrx_word' id='word_1_244' title='bbox 1133 3255 1258 3321; x_wconf 87' lang='lat' dir='ltr'><strong>prorsus</strong></span> 
     </span>
     <span class='ocr_line' id='line_1_29' title="bbox 97 3333 1257 3427; baseline 0.003 -27"><span class='ocrx_word' id='word_1_245' title='bbox 97 3333 308 3414; x_wconf 85' lang='lat' dir='ltr'><strong>obmutescet,</strong></span> <span class='ocrx_word' id='word_1_246' title='bbox 332 3335 452 3421; x_wconf 89' lang='lat' dir='ltr'><strong>quippe</strong></span> <span class='ocrx_word' id='word_1_247' title='bbox 476 3336 532 3422; x_wconf 90' lang='lat' dir='ltr'><strong>qui</strong></span> <span class='ocrx_word' id='word_1_248' title='bbox 564 3340 646 3406; x_wconf 90' lang='lat' dir='ltr'><strong>artis</strong></span> <span class='ocrx_word' id='word_1_249' title='bbox 669 3342 887 3424; x_wconf 88' lang='lat' dir='ltr'><strong>grammaticae</strong></span> <span class='ocrx_word' id='word_1_250' title='bbox 919 3342 963 3407; x_wconf 90' lang='lat' dir='ltr'><strong>sit</strong></span> <span class='ocrx_word' id='word_1_251' title='bbox 991 3340 1173 3427; x_wconf 84' lang='lat' dir='ltr'><strong>imperitus</strong></span> <span class='ocrx_word' id='word_1_252' title='bbox 1217 3340 1257 3406; x_wconf 87' lang='grc' dir='ltr'><strong>Τιι</strong></span> 
     </span>
     <span class='ocr_line' id='line_1_30' title="bbox 96 3440 1258 3527; baseline 0.003 -22"><span class='ocrx_word' id='word_1_253' title='bbox 96 3440 193 3525; x_wconf 88' lang='lat' dir='ltr'><strong>igitur</strong></span> <span class='ocrx_word' id='word_1_254' title='bbox 222 3446 403 3524; x_wconf 72' lang='lat' dir='ltr'><strong>preceptor</strong></span> <span class='ocrx_word' id='word_1_255' title='bbox 432 3441 570 3527; x_wconf 86' lang='lat' dir='ltr'><strong>optime,</strong></span> <span class='ocrx_word' id='word_1_256' title='bbox 601 3442 805 3527; x_wconf 82' lang='lat' dir='ltr'><strong>ignorantem</strong></span> <span class='ocrx_word' id='word_1_257' title='bbox 834 3447 960 3513; x_wconf 83' lang='lat' dir='ltr'><strong>instrue</strong></span> <span class='ocrx_word' id='word_1_258' title='bbox 989 3453 1023 3513; x_wconf 89' lang='lat' dir='ltr'><strong>et</strong></span> <span class='ocrx_word' id='word_1_259' title='bbox 1054 3445 1095 3512; x_wconf 89' lang='lat' dir='ltr'><strong>de</strong></span> <span class='ocrx_word' id='word_1_260' title='bbox 1127 3445 1258 3512; x_wconf 91' lang='lat' dir='ltr'><strong>minimis</strong></span> 
     </span>
     <span class='ocr_line' id='line_1_31' title="bbox 96 3543 1259 3637; baseline 0.001 -25"><span class='ocrx_word' id='word_1_261' title='bbox 96 3543 300 3612; x_wconf 88' lang='lat' dir='ltr'><strong>dubitantem</strong></span> <span class='ocrx_word' id='word_1_262' title='bbox 330 3567 394 3612; x_wconf 90' lang='lat' dir='ltr'><strong>non</strong></span> <span class='ocrx_word' id='word_1_263' title='bbox 425 3546 559 3632; x_wconf 86' lang='lat' dir='ltr'><strong>neglige,</strong></span> <span class='ocrx_word' id='word_1_264' title='bbox 584 3548 630 3614; x_wconf 91' lang='lat' dir='ltr'><strong>sio</strong></span> <span class='ocrx_word' id='word_1_265' title='bbox 655 3549 739 3614; x_wconf 90' lang='lat' dir='ltr'><strong>enim</strong></span> <span class='ocrx_word' id='word_1_266' title='bbox 762 3556 995 3635; x_wconf 81' lang='lat' dir='ltr'><strong>perventurum</strong></span> <span class='ocrx_word' id='word_1_267' title='bbox 1025 3572 1077 3617; x_wconf 94' lang='lat' dir='ltr'><strong>me</strong></span> <span class='ocrx_word' id='word_1_268' title='bbox 1102 3572 1199 3637; x_wconf 89' lang='lat' dir='ltr'><strong>spero</strong></span> <span class='ocrx_word' id='word_1_269' title='bbox 1221 3547 1259 3616; x_wconf 87' lang='lat' dir='ltr'><strong>ad</strong></span> 
     </span>
     <span class='ocr_line' id='line_1_32' title="bbox 96 3650 1259 3742; baseline 0.003 -27"><span class='ocrx_word' id='word_1_270' title='bbox 96 3650 229 3734; x_wconf 89' lang='lat' dir='ltr'><strong>majora.</strong></span> <span class='ocrx_word' id='word_1_271' title='bbox 254 3650 333 3716; x_wconf 87' lang='lat' dir='ltr'><strong>Vale</strong></span> <span class='ocrx_word' id='word_1_272' title='bbox 357 3651 514 3719; x_wconf 87' lang='lat' dir='ltr'><strong>ioeliciter.</strong></span> <span class='ocrx_word' id='word_1_273' title='bbox 546 3655 594 3719; x_wconf 80' lang='lat' dir='ltr'><strong>Ex</strong></span> <span class='ocrx_word' id='word_1_274' title='bbox 617 3655 816 3742; x_wconf 81' lang='lat' dir='ltr'><strong>Ottenpyrra</strong></span> <span class='ocrx_word' id='word_1_275' title='bbox 839 3656 872 3721; x_wconf 92' lang='lat' dir='ltr'><strong>iu</strong></span> <span class='ocrx_word' id='word_1_276' title='bbox 897 3655 950 3723; x_wconf 91' lang='lat' dir='ltr'><strong>dio</strong></span> <span class='ocrx_word' id='word_1_277' title='bbox 973 3655 1144 3723; x_wconf 79' lang='lat' dir='ltr'><strong>Elisabeth</strong></span> <span class='ocrx_word' id='word_1_278' title='bbox 1168 3655 1259 3722; x_wconf 83' lang='lat' dir='ltr'><strong>vidue</strong></span> 
     </span>
     <span class='ocr_line' id='line_1_33' title="bbox 99 3760 195 3822; baseline -0.01 0"><span class='ocrx_word' id='word_1_279' title='bbox 99 3760 195 3822; x_wconf 81' lang='lat'>1518.</span> 
     </span>
    </p>

    <p class='ocr_par' dir='ltr' id='par_1_4' title="bbox 95 3864 1260 4050">
     <span class='ocr_line' id='line_1_34' title="bbox 183 3864 1260 3949; baseline 0.004 -24"><span class='ocrx_word' id='word_1_280' title='bbox 183 3864 440 3928; x_wconf 84' lang='lat' dir='ltr'><strong>Handschriitlioh:</strong></span> <span class='ocrx_word' id='word_1_281' title='bbox 459 3888 500 3923; x_wconf 91' lang='lat'>=</span> <span class='ocrx_word' id='word_1_282' title='bbox 516 3869 580 3930; x_wconf 84' lang='lat' dir='ltr'><strong>Nic.</strong></span> <span class='ocrx_word' id='word_1_283' title='bbox 606 3871 770 3949; x_wconf 85' lang='lat' dir='ltr'><strong>Ellcnbogii</strong></span> <span class='ocrx_word' id='word_1_284' title='bbox 792 3872 875 3949; x_wconf 83' lang='lat' dir='ltr'><strong>epist.</strong></span> <span class='ocrx_word' id='word_1_285' title='bbox 903 3872 952 3933; x_wconf 87' lang='lat' dir='ltr'><strong>lib.</strong></span> <span class='ocrx_word' id='word_1_286' title='bbox 976 3871 1030 3947; x_wconf 86' lang='lat' dir='ltr'><strong>IX,</strong></span> <span class='ocrx_word' id='word_1_287' title='bbox 1054 3889 1141 3934; x_wconf 88' lang='lat' dir='ltr'><strong>mser.</strong></span> <span class='ocrx_word' id='word_1_288' title='bbox 1165 3872 1220 3933; x_wconf 90' lang='lat' dir='ltr'><strong>vol.</strong></span> <span class='ocrx_word' id='word_1_289' title='bbox 1242 3867 1260 3941; x_wconf 90' lang='lat'><strong>1,</strong></span> 
     </span>
     <span class='ocr_line' id='line_1_35' title="bbox 95 3966 572 4050; baseline 0.01 -20"><span class='ocrx_word' id='word_1_290' title='bbox 95 3969 146 4031; x_wconf 91' lang='lat' dir='ltr'><strong>lib.</strong></span> <span class='ocrx_word' id='word_1_291' title='bbox 172 3971 224 4043; x_wconf 87' lang='lat'>111,</span> <span class='ocrx_word' id='word_1_292' title='bbox 241 3986 286 4044; x_wconf 86' lang='lat' dir='ltr'><strong>ep.</strong></span> <span class='ocrx_word' id='word_1_293' title='bbox 313 3966 366 4048; x_wconf 85' lang='grc'><strong>48,</strong></span> <span class='ocrx_word' id='word_1_294' title='bbox 390 3970 440 4034; x_wconf 87' lang='lat' dir='ltr'><strong>iol.</strong></span> <span class='ocrx_word' id='word_1_295' title='bbox 467 3977 508 4034; x_wconf 89' lang='grc'><strong>48</strong></span> <span class='ocrx_word' id='word_1_296' title='bbox 533 3974 572 4050; x_wconf 89' lang='lat' dir='ltr'><strong>ig.</strong></span> 
     </span>
    </p>
   </div>
   <div class='ocr_carea' id='block_1_3' title="bbox 677 4102 694 4140">
    <p class='ocr_par' dir='ltr' id='par_1_5' title="bbox 677 4102 694 4140">
     <span class='ocr_line' id='line_1_36' title="bbox 677 4102 694 4140; baseline 0 0"><span class='ocrx_word' id='word_1_297' title='bbox 677 4102 694 4140; x_wconf 77' lang='grc'>*</span> 
     </span>
    </p>
   </div>
   <div class='ocr_carea' id='block_1_4' title="bbox 168 4229 1261 4297">
    <p class='ocr_par' dir='ltr' id='par_1_6' title="bbox 168 4229 1261 4297">
     <span class='ocr_line' id='line_1_37' title="bbox 168 4229 1261 4297; baseline 0 -19"><span class='ocrx_word' id='word_1_298' title='bbox 168 4234 178 4278; x_wconf 97' lang='grc'><strong>1</strong></span> <span class='ocrx_word' id='word_1_299' title='bbox 203 4229 258 4279; x_wconf 88' lang='lat' dir='ltr'><strong>Das</strong></span> <span class='ocrx_word' id='word_1_300' title='bbox 274 4229 343 4278; x_wconf 83' lang='lat' dir='ltr'><strong>work</strong></span> <span class='ocrx_word' id='word_1_301' title='bbox 355 4229 400 4280; x_wconf 87' lang='lat' dir='ltr'><strong>des</strong></span> <span class='ocrx_word' id='word_1_302' title='bbox 415 4230 481 4281; x_wconf 86' lang='lat' dir='ltr'><strong>Paul</strong></span> <span class='ocrx_word' id='word_1_303' title='bbox 496 4230 586 4282; x_wconf 84' lang='lat' dir='ltr'><strong>Ricius</strong></span> <span class='ocrx_word' id='word_1_304' title='bbox 600 4250 620 4282; x_wconf 90' lang='lat' dir='ltr'><strong>e.</strong></span> <span class='ocrx_word' id='word_1_305' title='bbox 636 4250 659 4283; x_wconf 85' lang='lat' dir='ltr'><strong>o.</strong></span> <span class='ocrx_word' id='word_1_306' title='bbox 675 4247 729 4284; x_wconf 89' lang='lat' dir='ltr'><strong>nro.</strong></span> <span class='ocrx_word' id='word_1_307' title='bbox 744 4231 859 4297; x_wconf 71' lang='lat' dir='ltr'><strong>ccxxi,</strong></span> <span class='ocrx_word' id='word_1_308' title='bbox 878 4248 900 4283; x_wconf 93' lang='lat' dir='ltr'><strong>s.</strong></span> <span class='ocrx_word' id='word_1_309' title='bbox 914 4233 1009 4296; x_wconf 64' lang='grc'><strong>2511.</strong></span> <span class='ocrx_word' id='word_1_310' title='bbox 1023 4237 1049 4283; x_wconf 77' lang='lat'><strong>4.</strong></span> <span class='ocrx_word' id='word_1_311' title='bbox 1106 4238 1121 4284; x_wconf 78' lang='lat'>2</span> <span class='ocrx_word' id='word_1_312' title='bbox 1143 4230 1261 4284; x_wconf 78' lang='lat' dir='ltr'><strong>Dmelbe</strong></span> 
     </span>
    </p>
   </div>
   <div class='ocr_carea' id='block_1_5' title="bbox 94 4314 1262 4459">
    <p class='ocr_par' dir='ltr' id='par_1_7' title="bbox 94 4314 1262 4459">
     <span class='ocr_line' id='line_1_38' title="bbox 94 4314 1262 4382; baseline 0.003 -17"><span class='ocrx_word' id='word_1_313' title='bbox 94 4314 167 4368; x_wconf 83' lang='lat' dir='ltr'><strong>hatte</strong></span> <span class='ocrx_word' id='word_1_314' title='bbox 182 4317 312 4382; x_wconf 75' lang='lat' dir='ltr'><strong>Ellenbog</strong></span> <span class='ocrx_word' id='word_1_315' title='bbox 333 4317 413 4368; x_wconf 88' lang='lat' dir='ltr'><strong>echon</strong></span> <span class='ocrx_word' id='word_1_316' title='bbox 433 4334 487 4369; x_wconf 91' lang='lat' dir='ltr'><strong>nro.</strong></span> <span class='ocrx_word' id='word_1_317' title='bbox 508 4318 636 4374; x_wconf 76' lang='lat' dir='ltr'><strong>coxam</strong></span> <span class='ocrx_word' id='word_1_318' title='bbox 650 4321 702 4372; x_wconf 89' lang='lat' dir='ltr'><strong>und</strong></span> <span class='ocrx_word' id='word_1_319' title='bbox 714 4320 846 4374; x_wconf 76' lang='lat' dir='ltr'>OGLXIX</span> <span class='ocrx_word' id='word_1_320' title='bbox 865 4320 981 4376; x_wconf 82' lang='lat' dir='ltr'><strong>berlilrrt.</strong></span> <span class='ocrx_word' id='word_1_321' title='bbox 1056 4324 1071 4378; x_wconf 78' lang='lat'>8</span> <span class='ocrx_word' id='word_1_322' title='bbox 1091 4321 1120 4373; x_wconf 73' lang='lat' dir='ltr'><strong>Si</strong></span> <span class='ocrx_word' id='word_1_323' title='bbox 1139 4317 1262 4376; x_wconf 80' lang='lat' dir='ltr'><strong>custodivi</strong></span> 
     </span>
     <span class='ocr_line' id='line_1_39' title="bbox 97 4407 267 4459; baseline 0.012 -2"><span class='ocrx_word' id='word_1_324' title='bbox 97 4420 139 4457; x_wconf 83' lang='lat' dir='ltr'><strong>am</strong></span> <span class='ocrx_word' id='word_1_325' title='bbox 159 4407 222 4457; x_wconf 83' lang='lat' dir='ltr'><strong>rand</strong></span> <span class='ocrx_word' id='word_1_326' title='bbox 246 4413 267 4459; x_wconf 93' lang='lat' dir='ltr'><strong>l.</strong></span> 
     </span>
    </p>
   </div>
   <div class='ocr_carea' id='block_1_6' title="bbox 0 0 1365 4898">
    <p class='ocr_par' dir='ltr' id='par_1_8' title="bbox 0 0 1365 4898">
     <span class='ocr_line' id='line_1_40' title="bbox 0 0 1365 4898; baseline 0 0"><span class='ocrx_word' id='word_1_327' title='bbox 0 0 1365 4898; x_wconf 95' lang='lat' dir='ltr'><strong> </strong></span> 
     </span>
    </p>
   </div>
  </div>
 </body>
</html>
