2716 4898
658 266 721 332 152

100 461 204 524 tatem
236 476 313 540 erga
346 455 530 541 proximum
557 462 698 523 vestram
728 454 817 522 illam
839 454 1034 542 peculiarem
1059 453 1128 522 sole
1151 453 1262 522 clarina

99 561 272 629 ostenditis
295 569 329 628 et
352 583 425 628 eum
448 563 504 647 qui
527 563 645 628 misere
668 563 701 627 in
716 561 859 628 latrones
875 559 1087 646 jampridem
1101 559 1262 642 inciderat,

98 667 142 734 ab
165 667 352 752 eisdemque
381 666 606 750 dispoliatnm,
635 667 708 732 vino
731 667 869 751 primum
892 666 961 731 acri
982 671 1082 751 atque
1106 666 1263 747 mordace,

99 771 216 839 deinde
239 772 321 853 oleo,
348 771 490 837 Palladis
513 772 631 851 fructu,
652 792 769 837 sanare
785 792 844 856 pro
866 770 1049 838 incredibili
1068 769 1263 838 humanitate

101 885 212 944 restra
241 876 383 943 officiose
421 875 591 943 conamini.
646 877 710 942 Det
740 877 815 961 Opt
848 877 932 942 Max.
962 875 1018 942 ille
1048 875 1131 942 deus
1160 882 1263 943 neuter

101 1004 161 1068 pro
183 981 262 1050 fidei
276 982 463 1049 orthodoxa
488 981 556 1047 zelo
573 988 692 1063 vestro,
715 1002 779 1066 qno
795 980 907 1048 fideles
932 981 1001 1065 ejus
1015 978 1266 1066 dispensatores,

102 1087 263 1154 talentum
295 1086 387 1153 vobis
422 1087 582 1154 creditum
616 1107 688 1151 cum
720 1087 843 1154 foenore
875 1086 1021 1170 napos
1055 1086 1209 1166 reddere,
1230 1085 1267 1151 si·

102 1192 235 1278 mulque
258 1214 317 1277 pro
350 1191 498 1258 effluente
530 1193 562 1257 in
586 1212 639 1257 me
662 1191 822 1257 charitate
845 1196 965 1270 vestra,
997 1210 1063 1275 qua
1095 1212 1148 1257 me
1176 1189 1267 1266 ade-

99 1295 227 1378 decore,
249 1297 392 1377 infamia,
416 1303 620 1381 contemptu,
652 1303 687 1362 et
709 1296 914 1382 despectione
936 1315 1145 1381 preservare,
1168 1302 1268 1362 custo

99 1401 180 1482 dire,
203 1402 375 1468 vendicare
403 1404 413 1441 ¹
442 1401 619 1468 clementer
642 1401 797 1482 studetis,
826 1407 860 1467 et
888 1400 977 1466 vobis
1004 1406 1039 1467 et
1066 1401 1204 1486 collegio
1236 1407 1267 1468 et

97 1506 218 1574 illustri
240 1507 443 1574 universitati
466 1513 581 1573 vestrae
604 1506 745 1572 divinam
767 1504 1024 1573 benedictionem
1052 1527 1092 1573 ex
1116 1507 1213 1586 Sion,
1235 1511 1271 1573 nt
1315 1511 1317 1521 '

102 1613 238 1680 videatis
262 1613 348 1680 bona
371 1612 555 1679 Jerusalem
577 1633 636 1697 per
658 1633 755 1697 quem
778 1618 812 1678 et
834 1632 898 1696 pax
920 1611 1022 1679 nobie.

189 1719 270 1785 Cum
298 1719 384 1786 euim
414 1719 545 1803 plurimi
577 1738 659 1802 quos
695 1739 768 1782 mea
807 1715 972 1783 voluntate
1010 1716 1270 1802 conscientiaque

104 1829 269 1909 nunqn'am
308 1825 461 1903 laeeerim,
496 1823 628 1888 immani
658 1828 692 1888 et
720 1821 932 1888 acerbissima
957 1822 1078 1888 invidia
1106 1821 1269 1907 livoreqne

100 1930 134 1995 in
157 1950 263 1995 meam
293 1929 468 2013 perniciem
498 1928 659 2013 propensi,
687 1934 724 1994 ut
746 1928 886 2012 accipio,
909 1927 1054 2013 qnotidie
1077 1948 1136 1994 voe
1159 1925 1270 1994 effreni

100 2033 243 2099 tumultu
266 2033 467 2113 adoriantur,
488 2039 648 2118 petentes,
670 2035 769 2100 immo
792 2039 953 2118 urgentes,
977 2038 1014 2099 ut
1035 2053 1087 2098 me
1112 2032 1168 2118 qni
1185 2031 1274 2099 theo·

97 2137 236 2222 logicum
259 2137 429 2222 synthema
452 2137 600 2205 Siboleth
623 2137 736 2203 eadem
752 2138 923 2204 literatura
938 2159 1008 2223 que
1032 2138 1098 2204 illis
1114 2138 1273 2223 placeat¹

97 2242 277 2327 exprimere
311 2263 373 2310 non
397 2242 497 2322 vulco,
520 2243 553 2307 in
576 2243 647 2326 ipso
670 2243 822 2310 Jordanis
845 2244 983 2310 transitu
1002 2242 1192 2328 jugulatis⁸
1215 2264 1268 2310 vos

98 2348 167 2429 viri,
190 2368 256 2428 vos,
279 2348 421 2433 inquam,
445 2348 504 2412 viri
528 2348 771 2432 prudentissimi
795 2355 829 2415 ct
851 2349 958 2413 animo
990 2368 1054 2414 non
1084 2346 1270 2415 effeminato
1305 2408 1308 2413 .

97 2451 274 2534 fortissimi,
297 2452 394 2518 nullis
417 2451 676 2518 adversariorum
699 2473 844 2519 meorum
867 2452 1063 2519 factionibus
1084 2454 1192 2535 fructi,
1216 2453 1269 2521 sed

99 2563 138 2622 ut
165 2556 262 2624 flores
291 2559 377 2623 inter
411 2558 532 2623 multas
560 2559 669 2643 spinas
699 2564 798 2644 atque
827 2564 935 2625 sentes
966 2559 1046 2639 orti,
1069 2559 1268 2626 honestiores

101 2669 135 2728 et
157 2664 372 2747 sapientiores
396 2664 535 2744 ceteris,
559 2684 624 2729 non
646 2663 740 2729 facile
763 2685 953 2731 conservum
974 2671 1120 2730 vestrum
1142 2666 1267 2732 mittitis

99 2766 133 2831 iu
156 2787 336 2848 carcerem,
359 2774 545 2853 sperantes,
570 2769 721 2853 quoniam
746 2769 894 2836 dominus
917 2770 1038 2836 eximat
1068 2792 1126 2837 vos
1149 2772 1266 2857 pariter

98 2871 332 2952 atortoribns,
355 2873 398 2938 ab
422 2873 572 2958 omnique
600 2873 711 2940 debito
742 2873 872 2954 liberet,
900 2895 938 2940 eo
966 2875 1053 2960 qnod
1081 2897 1265 2943 conservum

99 2980 244 3040 vestrum
267 2976 338 3042 sitis
355 2979 583 3059 commiserati,
606 2979 724 3045 iccirco
740 2980 911 3045 imitamini
926 2981 1097 3046 Dominum
1115 2989 1262 3061 nostrum,

100 3078 158 3163 qni
192 3080 300 3145 omnia
328 3081 432 3147 sciens
463 3090 496 3149 et
525 3083 633 3149 omnia
661 3085 843 3169 previdens
866 3085 949 3151 dixit
971 3085 1077 3151 Adam
1100 3087 1159 3153 nbi
1186 3086 1263 3154 esl⁴

188 3182 408 3270 Cupitisque⁵
430 3187 599 3271 primum,⁶
622 3190 762 3274 experiri
785 3190 887 3256 simne
910 3191 1056 3257 desertor
1078 3213 1121 3258 an
1144 3198 1262 3258 amator

99 3288 247 3354 veritatis
275 3290 461 3357 catholice?
516 3293 623 3372 Quare
661 3296 899 3380 propositiones
928 3295 1086 3381 quasdam
1124 3319 1164 3364 ex
1199 3317 1261 3364 meo

98 3394 231 3461 consilio
262 3395 303 3461 de
328 3397 511 3463 cremandis
533 3399 721 3466 Judaeornm
744 3399 836 3466 libris
860 3400 957 3481 dato,
989 3422 1060 3486 qnae
1091 3401 1184 3470 vobis
1216 3400 1263 3467 hi·

98 3497 195 3580 volae,
219 3500 435 3582 scandaloso,
469 3509 503 3568 et
524 3504 630 3570 minus
659 3504 740 3571 bene
774 3512 927 3573 sonantes
963 3505 1149 3588 videantur,
1179 3529 1262 3575 exce

96 3602 209 3686 pistis,
241 3626 417 3690 earumque
441 3608 623 3692 exemplum
647 3611 690 3675 ad
712 3630 764 3674 me
793 3612 909 3677 vestris
940 3631 1013 3676 cum
1036 3611 1142 3678 literis
1164 3619 1262 3680 trane

92 3706 237 3787 misistis,
262 3708 501 3793 desyderantes,
525 3717 562 3778 ut
585 3720 659 3797 post
682 3713 921 3782 declarationes
944 3717 1035 3801 prins
1059 3736 1080 3782 a
1101 3734 1153 3783 me
1170 3711 1260 3784 simul

93 3831 166 3876 cum
199 3812 333 3879 consilio
366 3835 437 3881 mco
473 3816 580 3883 editas
611 3817 736 3884 latiue⁷
775 3825 916 3886 mentem
946 3842 1051 3887 meam
1091 3822 1258 3889 revelando

98 3922 224 3983 vestras
248 3918 484 3986 dominationes
506 3920 691 4004 informem,
715 3923 792 4009 quia
815 3944 878 3989 non
902 3925 982 3991 satis
1004 3946 1064 4010 pro
1086 3923 1163 3993 fidei
1186 3946 1258 3994 mec

675 4102 693 4142 *

167 4187 340 4239 lVindicare
361 4191 385 4236 2.
459 4188 587 4239 2Plncct
606 4192 630 4240 2.
704 4191 867 4258 31ngulctie
887 4198 912 4243 2.
985 4193 1109 4246 lhdam
1129 4195 1177 4247 ubi
1195 4195 1261 4264 cell.

91 4271 120 4322 B.
134 4273 168 4321 M.
184 4273 213 4324 C.
228 4277 251 4323 3.
267 4273 296 4324 V.
312 4277 336 4324 9.
386 4275 401 4322 5
415 4275 518 4340 Cupitis
531 4274 573 4325 bis
587 4274 673 4326 oleum
684 4281 830 4343 peccatoris
844 4279 967 4346 fulgenda
980 4284 1046 4332 scite
1060 4282 1086 4332 in
1099 4282 1261 4350 Peperioorni

91 4356 142 4413 det.
160 4360 196 4410 H.
217 4360 262 4415 lb
280 4360 317 4432 fg.
337 4360 388 4427 (=
405 4361 447 4428 Ρ.)
521 4364 536 4416 t
556 4363 671 4414 Primum
690 4364 723 4417 de
740 4382 783 4418 me
801 4368 831 4420 P.
904 4372 918 4418 7
937 4368 1031 4425 Latius
1044 4371 1219 4439 suegelamn
1236 4375 1257 4423 t.
