2716 4898
649 337 716 404 252

99 522 294 594 cbutemuat.
342 529 432 608 Quae
454 548 507 594 res
530 525 613 592 adeo
634 547 685 592 me
701 524 790 591 nulla
804 525 872 590 urit
887 523 1020 604 invidia,
1042 528 1084 589 ut
1098 521 1250 590 vehemen-

98 637 150 698 ter
173 634 271 700 etiam
294 633 453 719 gaudeam
475 653 599 718 proque
622 653 695 698 mee
718 631 800 696 virili
830 636 1031 710 currentem,
1054 628 1144 714 qnod
1164 631 1248 715 ajunt

98 737 295 805 extimulem.
339 738 454 806 Nullas
477 738 520 804 ed
542 758 594 802 me
610 735 667 802 dat
682 737 804 815 literas,
828 734 957 819 (scribit
978 739 1090 799 autem
1107 732 1247 820 crebrius)

98 844 131 909 in
155 843 272 929 quibus
295 865 359 909 non
382 844 483 910 faciat
504 840 857 908 honorificentissimam
880 841 929 906 tui
958 840 1164 905 mentionem.
1197 842 1246 906 De

98 956 247 1030 creverat
269 950 377 1033 positu
392 949 482 1014 cultu
498 948 684 1032 episcopali,
706 948 767 1013 hoc
790 952 849 1027 est,
874 946 959 1011 linea
980 952 1080 1026 veste,
1105 966 1166 1030 qua
1179 966 1244 1010 sem·

100 1076 161 1140 per
183 1061 320 1120 utuntur
342 1055 375 1119 in
398 1054 523 1138 Anglia,
546 1054 607 1118 nisi
630 1074 704 1124 cum
718 1062 891 1132 venantur,
912 1051 1075 1136 trajicere,
1103 1051 1161 1116 hac
1180 1068 1243 1135 pre

100 1161 194 1244 cipue
218 1181 317 1226 causa
340 1159 498 1242 impulsus
523 1179 587 1244 quo
611 1165 718 1225 tecum
742 1157 879 1242 colloqui
902 1157 1025 1236 liceret,
1050 1162 1143 1220 tenta
1163 1154 1242 1220 habet

97 1264 258 1330 hominem
283 1264 431 1330 discendi
462 1264 575 1349 tuique
598 1264 678 1329 sitis.
703 1264 809 1347 Atque
832 1262 893 1328 hac
908 1262 977 1345 lege
1001 1280 1061 1326 nos
1095 1259 1137 1326 ad
1157 1261 1240 1325 nsvin

97 1377 312 1455 properantes
329 1370 440 1435 decem
457 1368 545 1452 apud
562 1390 632 1434 sese
648 1369 717 1434 dies
733 1367 880 1446 detinuit,
895 1373 933 1432 ut
947 1388 1013 1431 una
1028 1367 1237 1452 trajiceremur.

99 1475 220 1541 Verum
235 1475 348 1540 incidit
363 1481 487 1558 postea,
510 1496 569 1538 cnr
590 1480 734 1539 mutaret
748 1473 914 1539 consilinm
930 1478 972 1552 et,
1002 1472 1030 1538 si
1045 1494 1114 1538 rem
1129 1470 1238 1549 distulit

96 1580 195 1645 animi
218 1581 420 1663 propositum
451 1600 513 1644 uon
536 1580 682 1644 mutavit.
727 1579 764 1644 In
788 1586 931 1644 extremo
954 1577 1102 1661 digressu
1125 1575 1237 1642 sollicite

97 1707 150 1752 me
173 1686 390 1770 rogavitque
414 1706 448 1750 re
464 1689 576 1767 posset
591 1683 651 1750 tibi
666 1691 795 1768 gratum
815 1683 932 1749 iacere.
977 1682 1148 1767 Respondi,
1168 1687 1237 1746 tuan

96 1791 262 1858 fortunam
285 1812 347 1856 non
371 1811 442 1855 esse
467 1787 641 1873 ejusmodi,
664 1795 700 1854 ut
722 1809 915 1873 magnopere
939 1790 1077 1873 egeret¹
1115 1785 1236 1872 pecunia,

96 1916 209 1961 verum
239 1896 266 1960 si
289 1897 435 1961 mitteret
459 1893 614 1961 annulum
639 1901 697 1959 aut
723 1900 862 1974 vestem,
885 1901 943 1959 aut
973 1893 1065 1959 aliud
1095 1889 1236 1976 ejusmodi,

96 1999 184 2085 quod
208 2022 268 2065 ceu
292 2002 340 2065 tui
362 2006 603 2067 mouumentum
626 2006 739 2084 posset
760 2000 928 2083 amplecti,
958 1997 993 2064 id
1020 1998 1091 2063 sore
1120 1993 1238 2081 gratissi

101 2118 200 2169 mum.
247 2106 440 2188 Respondit,
472 2127 507 2171 se
530 2105 609 2170 nihil
633 2105 796 2184 laborare,
826 2103 939 2190 quanti
961 2107 1140 2182 constaret,
1161 2099 1235 2165 modo

97 2209 159 2276 tibi
181 2216 309 2294 gratum
333 2217 430 2277 esset.
476 2210 665 2277 collaudavi
689 2210 824 2276 hominis
847 2210 997 2287 animum,
1020 2209 1163 2292 suspicor
1183 2224 1238 2270 eun

96 2316 188 2382 brevi
218 2316 260 2382 ad
290 2324 323 2383 te
355 2322 536 2381 venturum.
587 2317 720 2381 Interim
747 2315 799 2381 fec
822 2314 944 2381 scribas
967 2313 1065 2394 mihi,
1097 2311 1172 2398 qnid
1195 2308 1238 2376 tibi

96 2422 301 2506 potissimum
332 2422 420 2486 milti
450 2421 576 2506 cupias,
607 2421 705 2486 nullis
727 2420 782 2486 ille
804 2441 961 2505 parsurus
988 2426 1040 2485 est
1072 2416 1238 2502 sumptibus

98 2527 192 2594 Sensi
214 2526 306 2591 illum
328 2527 548 2592 avidissimum
572 2525 770 2592 calamorum
794 2531 958 2605 νειλωτῶν,
982 2523 1160 2610 cujusmodi
1180 2517 1239 2586 nihi

97 2636 166 2698 tres
190 2632 319 2698 donasti
340 2632 370 2712 ²,
401 2632 537 2716 proinde
568 2634 595 2696 si
624 2632 684 2696 tibi
713 2637 788 2696 sunt
819 2631 957 2716 aliquot,
985 2629 1112 2694 nullum
1140 2645 1236 2693 munus

97 2737 221 2820 gratius
243 2738 373 2803 mittere
397 2738 512 2820 possis.

185 2841 259 2906 Non
290 2841 477 2925 gravaberis
512 2862 586 2907 enm
621 2842 744 2907 crebris
777 2839 942 2925 appellare
976 2839 1082 2905 literis
1117 2846 1149 2904 et
1177 2838 1238 2902 iten

98 2943 256 3024 Coletum;
281 2952 419 3030 uterque
443 2947 491 3012 tui
507 2946 760 3013 studiosissimus
776 2955 834 3026 est,
857 2953 994 3030 uterque
1011 2952 1071 3026 est,
1094 2950 1131 3010 ut
1153 2943 1240 3030 etiam,

96 3047 126 3113 si
148 3049 238 3113 nulla
262 3059 450 3133 speraretur
472 3053 608 3132 utilitas,
632 3058 738 3117 tamen
763 3051 805 3117 ob
829 3051 973 3136 egregias
997 3050 1116 3135 quibus
1137 3042 1241 3134 prediti

97 3158 174 3218 sunt
198 3153 335 3219 virtutes
359 3162 392 3221 et
420 3158 563 3223 animum
590 3159 624 3222 in
654 3164 687 3222 te
711 3163 779 3223 tam
800 3177 1014 3241 propensum,
1048 3155 1136 3239 digni
1169 3153 1241 3218 eraut

97 3278 208 3324 amore
231 3267 352 3325 mutuo.
399 3261 491 3327 Nunc
506 3261 602 3328 ambo
619 3280 779 3328 summam
794 3262 881 3345 apud
896 3282 971 3327 suos
988 3260 1136 3326 obtinent
1149 3255 1243 3324 autho

679 3399 696 3437 ’l‘

95 3483 138 3535 die
156 3485 258 3547 schrift,
278 3485 327 3536 col.
350 3487 425 3548 1604,
445 3487 519 3552 epist.
539 3488 605 3553 App.
630 3488 777 3550 CXXXIII,
798 3505 850 3539 was
869 3486 972 3539 trellich
993 3488 1115 3538 siemlieh
1135 3478 1243 3536 uatlirlich

96 3588 157 3635 war,
176 3572 210 3622 da
228 3571 305 3623 Colet
333 3573 374 3623 die
393 3574 519 3624 sehrilten
540 3576 767 3641 znrilclrgebalten
787 3577 871 3639 batte,
897 3592 938 3625 um
963 3577 1002 3626 sie
1026 3583 1114 3626 rueret
1133 3591 1163 3624 au
1180 3573 1243 3623 lesen·

95 3659 233 3723 Erasmus,
259 3660 305 3710 der
333 3662 379 3711 dos
400 3679 432 3711 an
453 3663 560 3712 Fischer
578 3679 625 3713 zur
643 3664 866 3731 eutsehuldigung
885 3663 1000 3714 schreibt
1033 3664 1060 3727 (8
1081 3664 1150 3729 Sept.
1173 3658 1241 3719 ltilb

95 3747 156 3812 iiigt
174 3747 264 3797 hinnu:
289 3747 340 3797 Ubi
367 3748 472 3799 dabitur
502 3758 571 3800 certe
597 3752 694 3816 aliquis
719 3755 762 3817 qui
782 3754 906 3819 perierat,
925 3753 1027 3802 remitte
1051 3751 1128 3801 nobis
1147 3746 1240 3802 libellos.

95 3835 139 3899 qui
159 3835 192 3885 sd
212 3834 351 3886 Reuchliui
371 3840 507 3902 negotium
525 3840 663 3904 pertinent,
688 3841 711 3889 ei
731 3848 817 3890 tumen
841 3840 882 3889 his
898 3841 952 3904 jum
973 3855 1036 3889 usus
1057 3839 1148 3889 fueris.
1185 3837 1242 3884 Danu

94 3922 162 3989 iolgt
188 3925 231 3973 die
259 3922 454 3974 bezeichnendc
480 3926 567 3978 stelle:
593 3928 699 3992 quidam
726 3945 740 3977 e
766 3928 878 3978 Colonia
904 3928 1010 3992 scripsit
1038 3926 1072 3976 ad
1100 3942 1140 3975 me
1160 3932 1244 3975 csusrn

95 4009 168 4060 illius
192 4011 217 4059 in
238 4012 336 4077 optimo
356 4027 413 4061 esre
433 4019 511 4076 stulu,
531 4030 621 4064 verum
640 4015 751 4066 arbitror
770 4031 827 4065 earu
847 4032 955 4066 causam
975 4029 1107 4079 nunquam
1127 4007 1245 4063 finientur

96 4112 163 4148 eese.
200 4098 280 4164 (Opp.
304 4098 402 4149 Erasini
422 4100 474 4160 ΙΙΙ,
498 4102 548 4153 col.
571 4103 652 4162 1630,
676 4104 750 4168 epist.
772 4105 839 4169 App.
859 4102 1036 4169 CLXXVIII).
1069 4101 1176 4152 Fischer
1192 4099 1246 4148 bttlt

96 4184 154 4234 sich
182 4185 246 4236 liher
272 4186 314 4235 die
340 4187 597 4254 vernacblltssignng
626 4189 744 4255 belrlugt.
778 4192 834 4253 (Er.
859 4190 925 4256 Opp.
945 4190 996 4250 111,
1026 4189 1076 4239 col.
1100 4192 1173 4251 1812,
1189 4183 1246 4251 episi·

95 4271 162 4338 App.
183 4273 382 4341 CCCXXVIII.)

168 4364 178 4407 1
200 4360 321 4423 Egeres?
394 4363 458 4412 2111
487 4362 536 4414 den
559 4362 709 4419 erhulteneu
734 4364 834 4419 briefen
861 4363 1004 4417 Reuchlins
1029 4380 1061 4416 en
1086 4366 1203 4421 Erasmut
1221 4356 1246 4409 ill

95 4441 181 4496 deuon
199 4445 273 4501 uicbt
291 4446 334 4501 die
354 4448 424 4507 rede.
