2716 4898
651 277 714 345 133

91 475 192 540 etiam
217 475 338 541 certior
360 473 430 541 fieri
454 475 603 560 quisnam
626 475 681 542 ille
705 477 757 557 sit,
781 477 837 563 qui
860 476 983 561 primus
1009 481 1049 542 72
1072 476 1140 543 haec
1161 477 1265 563 signa·

93 581 166 645 cula
194 580 370 646 adiuvenit.
417 581 559 646 Exaravi
587 588 696 647 autem
725 603 838 648 versus
867 583 1015 667 psalterii
1037 583 1185 668 apicibus
1209 583 1266 649 he·

93 687 222 765 hraicis,
246 691 284 750 nt
308 687 522 766 characteres,
547 708 638 771 quos,
662 688 690 752 si
705 688 779 752 istic
796 708 905 753 coram
922 709 1035 767 essem,
1060 687 1160 772 digito
1176 708 1265 754 mun·

95 798 261 857 straturus
285 813 367 870 eras,
390 792 520 858 absenti
542 793 658 858 saltem
681 792 813 857 rubrica
836 793 1013 876 consignes.
1058 793 1095 858 Iu
1119 793 1263 877 margine

96 897 235 981 denique
260 897 346 961 circa
377 897 519 980 singulos
542 918 652 962 versus
676 897 874 981 signaculum
903 898 1009 981 ipsum
1032 919 1106 963 cum
1136 900 1265 983 punctis

95 1003 160 1066 sive
185 1001 319 1067 vocibus
343 1001 528 1069 describere
553 1024 592 1067 ne
616 1003 790 1086 pigriteris.
836 1003 906 1068 Non
937 1003 1049 1068 addidi
1079 1024 1137 1087 ego
1160 1003 1264 1070 literis

94 1107 174 1171 meis
197 1127 304 1187 voces,
327 1114 397 1172 tum
421 1109 498 1194 quia
520 1108 676 1191 temporis
692 1108 834 1173 brevitas
849 1107 1027 1191 longiorem
1042 1109 1074 1172 in
1090 1108 1264 1175 scribendo

91 1232 142 1295 me
173 1233 246 1277 esse
274 1232 337 1275 non
369 1213 570 1297 patiebatur,
599 1219 669 1277 tum
698 1213 774 1296 quia
802 1233 922 1298 aeque,
953 1213 1021 1279 sive
1051 1216 1181 1297 punctis
1204 1234 1264 1280 seu

92 1316 228 1382 vocibus
245 1323 344 1401 atque
361 1318 459 1401 signis
472 1318 695 1403 jungerentur,
719 1317 887 1382 hebraicas
902 1318 1015 1383 literas
1031 1318 1138 1403 legere
1155 1318 1264 1386 calles.

186 1422 282 1487 Absit
299 1424 392 1501 enim,
416 1429 453 1487 ut
468 1442 540 1487 eam
564 1422 604 1488 de
629 1430 662 1488 te
679 1422 816 1488 habeam
833 1424 1017 1506 opinionem
1033 1445 1131 1509 quam
1146 1425 1266 1490 acerri-

88 1550 165 1593 mus
188 1528 246 1592 ille
271 1526 471 1592 Pfeffe1·korn
489 1528 510 1607 ¹,
534 1514 625 1612 cujus
649 1549 707 1611 ego
731 1528 763 1592 in
787 1533 820 1592 te
845 1528 947 1592 virum
970 1528 1174 1593 omnifariam
1189 1528 1266 1595 doc·

88 1635 277 1712 tissimum,
325 1633 549 1717 hebraicaeque
591 1632 706 1716 linguae
756 1633 1015 1716 expertissimum
1048 1632 1265 1700 calumnias¹

88 1739 219 1804 dolenti
240 1738 348 1803 animo
371 1739 443 1822 legi.
490 1738 766 1803 Circumferunter
788 1737 908 1822 ubique
932 1737 1003 1823 ejus
1026 1738 1058 1802 in
1082 1745 1114 1804 te
1136 1740 1259 1824 scripta

89 1845 248 1910 etmulti
281 1843 385 1909 multa
413 1844 600 1929 loquuntur.
648 1842 734 1907 Nihil
763 1847 874 1907 autem
907 1842 1037 1924 gravius
1067 1842 1137 1908 fero
1166 1867 1264 1930 quam

88 1958 125 2017 te
149 1973 216 2015 non
247 1971 342 2035 posse
373 1971 433 2035 pro
465 1948 621 2032 dignitate
646 1947 831 2027 defensare,
865 1969 925 2013 nec
956 1949 1157 2014 detractores
1189 1955 1264 2015 tuos

90 2064 255 2142 quantum
290 2056 383 2140 cupio
414 2059 621 2139 repercutere
656 2074 761 2137 posse.
816 2054 922 2132 Quare
953 2077 992 2120 ex
1029 2075 1064 2118 re
1095 2060 1153 2119 tua
1191 2075 1263 2122 csse

92 2161 306 2240 crediderim,
339 2162 365 2225 si
393 2160 539 2225 libellum
569 2180 666 2243 quem
690 2159 732 2223 ad
755 2157 896 2224 nobilem
926 2159 1130 2244 quemdam³
1158 2167 1191 2226 et
1218 2161 1266 2226 in-

91 2289 234 2353 genuum
265 2267 370 2331 virum
401 2265 560 2348 scripsisti
591 2265 633 2329 ad
661 2286 712 2328 me
742 2263 878 2330 dederis.
927 2266 1064 2349 Insuper
1095 2272 1128 2330 et
1155 2265 1265 2350 apolo-

91 2374 234 2458 geticum
254 2371 269 2411 4
296 2371 324 2436 si
356 2392 452 2455 quem
475 2369 615 2449 edidisti,
641 2377 677 2435 ut
700 2369 847 2449 habeam,
871 2369 959 2454 quod
982 2369 1259 2437 obtrectatoribus

91 2480 156 2544 tuis
179 2476 405 2562 respondeam.
451 2475 502 2540 Ita
527 2475 612 2559 enim
634 2497 685 2539 me
709 2476 798 2540 Deus
821 2481 921 2554 amet,
946 2481 983 2539 ut
1006 2479 1096 2539 tuam
1120 2475 1262 2556 laudem,

92 2590 186 2650 tuum
231 2582 387 2648 honorem
431 2580 610 2666 praedicare
652 2586 685 2644 et
721 2578 919 2664 amplificare
957 2579 1081 2645 studeo.
1137 2581 1263 2647 Nititur

92 2690 178 2756 enim
202 2687 404 2753 Pfefferlroru
432 2709 548 2752 nomen
578 2693 669 2751 tuum
693 2692 726 2750 et
755 2684 885 2750 laudem
908 2684 1078 2751 obfuscare
1103 2692 1136 2751 et
1160 2686 1264 2751 extin-

91 2816 202 2879 guere,
218 2792 299 2859 sed5
315 2844 322 2859 .
340 2845 346 2858 .
363 2844 370 2859 .
395 2794 429 2860 Si
445 2794 529 2858 enim
546 2792 667 2858 Phoebo
687 2790 797 2856 lumen
814 2795 847 2855 et
862 2790 1014 2874 splendor
1030 2790 1129 2856 adimi
1144 2796 1265 2875 potest,

92 2907 125 2966 et
149 2900 211 2965 tibi
235 2920 363 2985 quoque
387 2899 499 2982 gloria,
522 2920 620 2983 quam
645 2905 713 2962 tum
738 2919 777 2961 ex
800 2897 872 2961 aliis
895 2896 1042 2980 plurimis
1072 2896 1137 2963 tuis
1169 2918 1264 2962 orna·

90 3006 226 3072 tissimis
250 3005 412 3089 operibus,
436 3011 505 3068 tum
528 3004 579 3069 vel
595 3003 733 3067 maxime
751 3023 790 3066 ex
806 3001 997 3067 rudimentis
1014 3004 1078 3069 tuis
1099 3002 1263 3070 hebraicis

92 3116 287 3176 consecutus
319 3131 372 3190 es,
407 3110 536 3174 interire
568 3109 700 3193 poterit.
754 3109 803 3172 Ex
840 3108 906 3174 tuis
938 3108 1085 3193 iuquam,
1128 3130 1191 3174 nou
1225 3131 1267 3174 ex

92 3218 236 3303 cujusvis
259 3217 395 3281 alterius
412 3215 433 3294 ⁶,
457 3221 494 3279 ut
517 3212 718 3279 Pfefferkorn
742 3213 894 3278 blaterat.
941 3213 1003 3291 Qui
1027 3215 1112 3279 euim
1135 3235 1199 3280 non
1223 3215 1266 3280 sit

91 3329 170 3389 tuus
201 3322 285 3387 liber
318 3342 415 3405 quem
444 3326 537 3384 tanto
561 3319 684 3398 studio,
714 3324 764 3385 tot
787 3318 905 3402 vigiliis
930 3324 963 3384 et
985 3318 1266 3386 lucubrationibus

93 3427 286 3495 confecisti?

184 3534 246 3598 Est
275 3553 353 3598 sane
383 3538 459 3597 tuus
489 3530 572 3596 liber
603 3552 699 3615 quem
730 3551 845 3614 magno
870 3530 1024 3614 temporis
1048 3529 1210 3613 stipendio
1234 3535 1268 3598 et

674 3704 692 3742 ar

166 3798 177 3842 l
202 3793 261 3858 Vgl.
282 3791 345 3841 iiber
360 3792 531 3854 l’fofferkorn,
552 3792 597 3842 der
616 3795 642 3842 in
657 3793 702 3842 der
715 3793 935 3859 bricfsammlung
950 3794 1005 3858 jezt
1025 3810 1082 3845 cum
1097 3803 1184 3846 ersten
1198 3794 1268 3845 male

91 3883 238 3949 begcguct,
265 3882 350 3930 moine
377 3880 582 3950 abhandlungen
611 3883 650 3930 in:
673 3881 798 3945 jildischc
821 3883 941 3932 zeitschr.
968 3883 1009 3933 fiir
1033 3884 1103 3932 wiss.
1132 3898 1155 3932 u.
1183 3882 1269 3943 leben,

90 3970 132 4022 bd.
154 3969 215 4032 V11;
234 3969 328 4020 archiv
347 3970 364 4018 f.
379 3969 535 4019 Frankfnrts
556 3970 710 4035 geschichte
730 3970 973 4036 undhunst18693
992 3969 1130 4032 Reuchlin‚
1151 3972 1175 4018 3.
1190 3968 1267 4020 buch.

94 4058 310 4110 2Pfefferkorns
336 4057 442 4109 schrift:
465 4057 651 4124 handspicgel,
680 4059 812 4108 Reuchlin
837 4074 857 4108 s.
879 4061 929 4108 243
958 4059 985 4108 ff.
1058 4061 1082 4108 3.
1103 4056 1216 4108 Missiou
1236 4071 1270 4106 an

93 4149 166 4197 einen
184 4145 333 4212 junkhcrrn
355 4144 502 4196 Pfor·zheim
524 4150 590 4196 1505
610 4146 678 4196 oben
697 4164 754 4197 nro.
771 4147 945 4199 uxxxxul.
1018 4142 1271 4211 lhpologeticum]

95 4235 137 4284 der
162 4234 354 4300 arrgeuspiegel
379 4235 499 4284 crschicn
532 4242 585 4285 erst
618 4235 705 4300 einige
736 4235 843 4285 wochen
870 4239 959 4301 spltter
985 4232 1162 4283 hcrbstmessc
1192 4235 1267 4283 1511.

94 4325 107 4371 5
129 4325 155 4372 ln
183 4323 230 4371 der
256 4322 359 4371 hdsclrr.
386 4323 456 4387 folgt‘
475 4323 522 4374 das
549 4323 794 4374 unverstsndliehe:
819 4323 865 4374 sed
891 4324 953 4377 litus
980 4330 1044 4377 arat.
1118 4322 1180 4378 68,
1204 4321 1269 4377 tiber

96 4410 180 4471 diesen
203 4411 332 4473 vorwurfr
353 4411 480 4472 ltcucblin
501 4430 521 4461 s.
543 4416 593 4473 244
614 4428 638 4472 u.
660 4415 709 4473 252
731 4413 766 4483 fg.
