2716 4898
717 289 781 355 174

708 479 787 546 CLI.

236 571 373 638 stuttgart.
1097 571 1107 616 1
1131 566 1200 634 Aug.
1223 569 1295 618 1512.

229 660 394 735 Joannes
420 657 604 732 Reuchlin
631 654 849 732 Phorcensis
876 680 925 727 an
953 654 1075 730 Jacob
1104 656 1224 757 Lemp
1238 656 1260 730 ¹.

253 808 298 871 Er
311 805 395 871 habe
406 805 458 870 die
475 803 757 888 philosophischen
775 801 905 867 studien
922 821 983 866 von
1001 801 1123 887 jugend
1148 824 1191 868 an
1214 802 1321 886 gelieht

163 913 228 977 nnd
245 913 293 977 sei
308 911 482 978 denselben
499 916 572 976 tren
589 908 767 993 geblieben,
784 906 943 973 trotudem
960 929 996 973 er
1012 907 1141 991 golernt
1157 908 1257 991 habe,
1272 910 1318 975 vie

163 1017 266 1100 heitig
294 1017 345 1082 die
369 1017 489 1081 Rlimer
516 1015 564 1081 oft
591 1037 691 1099 gagen
714 1015 832 1079 redner
870 1013 937 1079 und
974 1013 1190 1098 philosophen
1223 1014 1317 1099 ausgo-

163 1129 270 1188 tretcn
299 1123 403 1187 seien:
435 1122 526 1186 Talia
560 1119 644 1185 enim
668 1120 778 1186 studia
800 1126 866 1186 tam
891 1118 1063 1202 splendida
1086 1127 1121 1185 et
1144 1127 1214 1186 tam
1236 1120 1316 1187 utilia

163 1227 320 1310 putabam
350 1229 470 1311 optime
501 1227 543 1292 ad
571 1227 697 1291 virilem
728 1234 838 1309 togam
868 1225 1018 1309 deposita
1047 1231 1211 1310 praetexta
1232 1227 1315 1310 perti·

164 1355 251 1399 nere.
297 1333 368 1412 Qua
391 1355 441 1399 me
465 1356 500 1399 re
524 1333 645 1417 conjeci
669 1332 702 1396 in
725 1332 874 1396 servilem
896 1330 1124 1412 conditionem,
1148 1338 1183 1398 ct
1198 1331 1314 1417 repulsa

163 1438 290 1504 vivendi
313 1439 464 1505 libertate
488 1439 647 1504 immiscui
669 1459 720 1503 me
744 1436 878 1502 infinitis
902 1437 1065 1503 hominum
1089 1443 1124 1502 et
1147 1439 1312 1523 jurgiorum

164 1544 395 1629 questionibus
431 1551 528 1629 atque
553 1544 681 1609 demum
712 1543 899 1628 reipublice
929 1543 1014 1608 curis
1044 1551 1077 1608 et
1107 1543 1315 1610 sollicitudini·

164 1649 235 1730 bns,
267 1671 338 1735 quae
373 1671 437 1716 non
472 1657 599 1716 tantum
634 1650 755 1714 lassato
779 1670 908 1715 somnos
941 1648 1104 1730 adimunt,
1137 1649 1197 1716 sed
1226 1649 1311 1715 etiam

164 1757 310 1840 vigilanti
336 1764 370 1822 et
397 1763 486 1822 recte
516 1755 625 1840 agenti
655 1754 755 1822 robur
784 1755 903 1820 mentis
927 1754 1102 1821 debilitant
1125 1761 1160 1822 et
1183 1754 1312 1840 corporis

163 1884 279 1927 nervos
313 1862 368 1928 ubi
401 1862 490 1928 nulla
523 1864 634 1948 quies,
666 1861 756 1925 nulla
794 1862 1022 1946 tranquillitas.
1078 1861 1185 1928 Unter
1217 1863 1312 1927 diesen

165 1973 275 2033 ersten
292 1967 421 2032 studien
437 1968 483 2033 sei
499 1967 580 2034 aber
592 1969 650 2033 das
663 1967 898 2051 vorziiglichste
910 1966 968 2033 das
983 1968 1042 2033 der
1052 1967 1194 2051 heiligen
1206 1965 1313 2033 schrift

163 2072 210 2139 Zu
232 2073 333 2138 ihrem
354 2073 554 2139 wahrhaften
570 2073 790 2139 verstandniss
814 2073 898 2139 habe
921 2095 958 2140 er
973 2074 1044 2139 eine
1061 2072 1249 2157 griindlicbe
1269 2071 1314 2137 be

163 2178 365 2263 schtftigung
387 2181 446 2244 mit
469 2178 528 2245 der
551 2179 771 2264 griechischen
794 2178 861 2245 und
884 2178 1097 2245 hebraischen
1114 2178 1251 2263 spraohc
1271 2176 1313 2242 tiit

161 2283 367 2369 nothvvendig
395 2285 551 2351 crachtet.
598 2287 721 2351 Durum
753 2292 863 2351 autem
891 2292 966 2369 post
998 2306 1054 2350 eas
1083 2285 1268 2369 disciplinas
1288 2286 1314 2348 et

162 2397 289 2475 agreste
320 2392 414 2457 nimis
440 2390 643 2477 judicabam,
676 2392 788 2457 amicis
820 2413 938 2475 negare
969 2390 1182 2456 humanitatis
1212 2388 1311 2467 officia,

162 2515 247 2581 sape
280 2498 481 2582 multumque
514 2503 548 2562 et
581 2519 690 2562 coram
728 2504 761 2562 et
795 2520 854 2581 per
891 2496 1047 2581 epistolas
1081 2497 1311 2582 nunciosquen

160 2624 212 2669 me
235 2603 432 2687 petentibus,
456 2609 493 2668 nt
516 2604 563 2668 eis
587 2603 722 2669 moleste
746 2602 921 2669 admodum
945 2609 988 2683 et,
1019 2608 1057 2668 ut
1086 2604 1189 2687 ajunt,
1216 2600 1310 2666 intolc

163 2708 312 2774 rabiliter
340 2709 566 2793 ignorantibus
603 2708 676 2775 aliis
714 2709 843 2794 quidem
879 2729 983 2793 graeca
1013 2708 1226 2793 divulgatam,
1253 2704 1309 2772 aliis

162 2820 270 2879 autem
294 2813 456 2881 hebraica.
502 2815 608 2893 Quare
631 2816 685 2897 pio
709 2837 818 2881 amore
843 2814 970 2895 ductus,
993 2836 1067 2880 cum
1089 2819 1189 2880 antea
1204 2810 1309 2879 docuiv

162 2939 230 2982 sem
254 2919 372 2985 multos
395 2920 428 2985 in
451 2921 562 3004 grecis
584 2920 697 2999 literis,
731 2928 764 2986 et
787 2943 845 3005 per
871 2921 1116 3005 grammaticam
1140 2927 1251 2999 artem,
1271 2913 1309 2981 cri

162 3024 293 3089 titulum
334 3026 485 3110 inscripsi
523 3027 746 3110 Micropaedia,
794 3026 988 3093 dolavissem
1038 3026 1196 3112 quicquid
1228 3019 1308 3110 potul

162 3130 333 3195 novissime
356 3131 399 3196 ad
422 3132 572 3198 decorem
602 3139 635 3197 et
667 3131 872 3216 splendorem
903 3133 1129 3199 sacratissime
1160 3128 1306 3214 theologie

163 3241 197 3301 et
225 3235 479 3321 theologicorum
502 3239 643 3304 virorum
667 3239 852 3319 utilitatem,
883 3239 952 3323 ipse
976 3260 1034 3322 ego
1059 3245 1164 3304 totam
1186 3239 1306 3321 lingum

161 3340 348 3409 hebraicam
371 3345 494 3428 primus
517 3345 659 3410 omnium
681 3346 715 3443 ip
738 3345 851 3425 literis,
873 3346 907 3411 in
931 3345 1127 3411 dictionibus
1152 3351 1186 3411 et
1208 3339 1306 3428 rogulh

163 3447 350 3530 collective,
389 3449 514 3534 legibus
541 3451 723 3534 mancipavi
754 3451 873 3517 latinis.
926 3451 1025 3536 Cujus
1057 3451 1207 3516 exercitii
1235 3443 1309 3514 disci

162 3553 256 3638 pulos
284 3575 347 3620 uon
372 3556 477 3621 nullos
499 3556 590 3622 nulla
612 3563 722 3622 tamen
744 3557 903 3637 mercede,
927 3558 985 3623 sed
1008 3557 1151 3641 gratuito
1175 3554 1236 3622 ieci
1256 3569 1311 3639 pat·

162 3658 292 3743 ticipes,
323 3662 442 3744 partim
472 3668 582 3746 gratos
616 3664 671 3747 qui
699 3663 892 3748 praeceptori
920 3686 978 3729 sno
1003 3661 1153 3729 debitum
1176 3663 1311 3729 honorem

161 3783 320 3850 perquam
346 3775 533 3833 reverenter
557 3767 728 3846 exhibent,
760 3769 879 3852 partim
904 3790 996 3850 vero,
1019 3778 1056 3836 ut
1078 3766 1200 3834 acerbe
1223 3761 1313 3839 audio,

773 3905 793 3942 tt

235 3990 246 4035 1
266 3981 357 4037 Jakob
377 3983 465 4053 Lamp,
484 3987 544 4053 gob.
564 3988 591 4038 in
612 3989 772 4053 Steinhcim,
800 3990 864 4041 wirrl
884 3989 1017 4057 professor
1036 3989 1082 4043 dor
1100 3989 1317 4060 philosophischct

161 4072 274 4126 suculttlt
292 4076 318 4123 in
338 4076 480 4141 Tdbingen
503 4078 581 4140 1494,
609 4077 653 4127 der
680 4077 880 4144 theologischen
904 4080 982 4142 1495,
1009 4080 1049 4129 als
1072 4083 1160 4132 sttitzc
1184 4082 1232 4132 der
1248 4081 1319 4148 papst·

161 4163 249 4213 lichen
262 4164 352 4213 macht
369 4162 423 4213 und
436 4170 535 4213 muster
553 4165 625 4216 eines
639 4167 771 4218 Skotisten
785 4167 916 4230 benthmt,
934 4183 985 4217 von
1005 4168 1054 4218 den
1073 4169 1243 4221 humanisten
1261 4164 1321 4220 stul

162 4251 308 4318 belrllmpft,
332 4253 441 4318 eisrigcr
465 4268 566 4319 gegncr
584 4254 695 4306 butham
720 4255 772 4306 und
796 4256 842 4306 der
860 4256 1044 4320 reformation,
1069 4259 1267 4311 untorsclrreibt
1288 4250 1324 4305 sul

162 4338 208 4390 der
226 4341 341 4392 badener
359 4340 521 4408 disputation
545 4344 610 4393 1526
630 4343 672 4394 dio
691 4349 762 4394 stttzc
780 4346 866 4395 seinos
879 4344 999 4396 schhlers
1015 4345 1079 4398 Job.
1092 4347 1162 4412 aer,
1179 4354 1213 4400 st.
1233 4336 1322 4414 laguil

165 4430 240 4480 15³2.
271 4429 333 4498 vgr.
354 4429 541 4481 Wiedcmann:
559 4430 621 4482 Joh.
643 4432 707 4498 Eck,
727 4431 900 4501 Begansburg
921 4435 988 4486 1865
1007 4449 1029 4487 s.
1053 4439 1094 4487 12.
1207 4467 1209 4470 v
