2716 4898
648 269 716 334 218

96 461 244 523 Gmhcnm
263 463 403 523 zacharie
432 462 511 523 Lnoe
533 463 557 523 1.
578 462 584 540 Ι
603 464 719 524 Letztes
740 462 814 523 hlatt
841 460 1033 524 vorderseite:
1071 446 1192 538 ligusto
1214 480 1240 555 er

94 568 210 629 officim
224 569 352 628 Erhardi
374 563 483 652 neglin]
497 587 596 629 mensa
611 569 690 629 Maio
712 585 797 628 anno.
819 562 1014 654 mummi]
1048 569 1188 629 Darunter
1203 568 1239 630 0s

95 673 430 736 Bnehdrnchcmeichen.
462 679 480 737 3
497 675 596 750 Bogen
610 678 663 737 td
680 675 729 734 hll.
745 677 775 734 in
791 671 836 735 4⁰.

573 860 787 929 CLXXXVII.
865 894 871 903 ·

167 951 308 1015 Stuttgart.
1011 951 1045 1001 19
1064 948 1131 999 Juni
1150 950 1213 1000 1514.

94 1038 317 1113 Reverendis
343 1054 379 1114 et
403 1038 678 1114 venerabilibus
700 1037 867 1142 patribus
889 1037 1045 1139 egregiis
1068 1050 1105 1113 et
1122 1037 1239 1113 eximiis

95 1163 234 1238 divinae
256 1164 449 1264 scripturae
476 1163 744 1265 professoribus
768 1163 908 1238 deceno
937 1174 975 1237 et
1007 1161 1238 1237 sacratissima

96 1286 297 1386 theologiae
315 1286 485 1363 facultati
494 1287 737 1363 Parrhisieusi
752 1286 912 1360 dominis
929 1286 1004 1360 suis
1014 1310 1129 1385 quam
1138 1285 1237 1361 colen-¹

506 1410 668 1484 dissimis
685 1436 713 1483 s.
734 1438 771 1511 p.
793 1410 828 1484 d.
844 1407 857 1456 ¹

184 1556 377 1642 Quanquam
399 1558 444 1629 ab
468 1559 603 1625 ineunte
627 1564 734 1639 aetate,
757 1555 991 1643 sapientissimi
1013 1561 1050 1622 et
1064 1553 1238 1641 amplissima

93 1662 128 1729 in
151 1667 221 1729 toto
251 1684 334 1747 pene
366 1665 456 1731 orbis
485 1674 647 1731 terrarum
674 1665 783 1751 spacio
806 1660 902 1729 laude
926 1660 1172 1737 celebratissimi
1190 1661 1235 1726 riri

95 1789 223 1854 semper
245 1790 296 1836 me
319 1770 429 1836 studui
452 1770 581 1856 placere
606 1770 712 1851 honis,
736 1776 770 1837 et
792 1768 927 1835 neminis
950 1768 1105 1834 honorem
1127 1764 1235 1849 laedera'

94 1880 205 1940 tamen
234 1873 295 1941 hoc
328 1876 468 1942 triennio
490 1874 562 1942 fieri
585 1898 648 1945 non
671 1878 794 1961 potuit,
826 1875 904 1961 quin
932 1880 1081 1939 extrema
1102 1870 1238 1938 fermeiu

93 1986 191 2046 aetate
214 2001 288 2047 mea
311 1982 443 2049 tandem
466 1981 508 2049 ab
523 1982 663 2068 indignis
678 1982 807 2067 indigne
821 1981 985 2047 lacerarer
999 1978 1142 2047 infamia.
1167 1976 1238 2044 Facit

93 2086 156 2152 hoe
179 2083 339 2167 diabolus,
363 2090 454 2174 cujus
477 2089 600 2155 invidia
623 2110 709 2157 mors
731 2086 866 2153 intravit
887 2085 920 2151 in
950 2084 1064 2151 orbem
1085 2091 1236 2164 terrarum,

93 2196 132 2258 ut
163 2192 289 2277 pariter
319 2194 442 2259 invidia
473 2193 645 2261 discidium
673 2199 769 2279 paret
792 2192 806 2231 ²
833 2191 867 2256 in
894 2190 942 2256 eis
969 2212 1051 2277 quos
1080 2191 1168 2257 novit
1185 2194 1238 2255 tsn-

94 2298 198 2383 tisper
219 2298 253 2364 in
277 2298 339 2366 deo
362 2322 504 2381 manere,
528 2301 605 2367 dum
620 2301 800 2367 manserint
818 2298 852 2363 in
867 2296 1037 2376 charitate,
1061 2296 1238 2381 quaminter

95 2425 147 2471 me
171 2404 441 2491 adversariosque
465 2426 554 2473 meos
577 2412 636 2472 ant
658 2406 755 2490 fregit
776 2403 931 2483 avaricia,
959 2407 1018 2468 aut
1039 2403 1129 2488 rupit
1150 2420 1238 2487 super·

93 2510 159 2592 bis,
182 2517 241 2577 aut
269 2510 399 2577 luxuria
429 2511 599 2597 dissiparit
630 2511 759 2578 aliudve
790 2507 935 2576 incidens
964 2506 1073 2575 odium
1106 2528 1167 2593 quo
1191 2504 1238 2570 fra

94 2622 189 2683 terna
217 2618 417 2702 extinguitur
440 2618 581 2685 dilectio.
627 2618 697 2684 Hoc
730 2608 815 2682 enim
842 2616 980 2701 ingenue
1010 2612 1134 2695 fateor,
1164 2608 1238 2699 quod,

93 2724 225 2788 tametsi
248 2725 370 2789 omneis
393 2722 406 2762 ³
437 2723 582 2789 homiues
607 2724 726 2790 virtute
749 2720 905 2807 praeditos
931 2720 1166 2807 quammaxime
1186 2714 1238 2783 dili·

95 2848 167 2911 gam
199 2834 232 2893 et
262 2850 413 2910 venerer,
445 2835 555 2895 tamen
579 2830 641 2896 fuit
663 2829 821 2895 hactenns
845 2849 918 2893 cum
940 2825 1029 2893 nullo
1053 2825 1133 2892 mihi
1154 2844 1238 2893 sacra

95 2954 167 2999 rum
196 2934 387 3017 religionum
419 2935 532 3001 ordine
560 2937 683 3001 arctior
710 2934 857 3000 amicicia
886 2954 984 3020 quam
1008 2932 1236 3018 praedicatorun

94 3043 215 3103 nostrae
243 3040 431 3124 provinciae,
462 3041 579 3126 quibus
614 3041 744 3107 circiter
773 3060 875 3105 annos
909 3038 1128 3124 undetriginta
1151 3038 1163 3077 ⁴
1187 3035 1237 3102 sine

94 3144 215 3229 precio,
238 3144 362 3231 absque
386 3148 528 3232 praemio,
552 3147 642 3213 nulla
666 3169 722 3232 spe
745 3146 829 3212 lucri
844 3145 970 3227 ductus,
995 3144 1055 3213 sed
1070 3143 1171 3212 solum
1183 3161 1237 3229 pro

93 3254 169 3336 pter
191 3250 287 3316 deum
311 3256 345 3318 et
367 3254 531 3337 ingentem
554 3274 661 3319 meum
685 3274 762 3336 erga
784 3252 859 3318 illos
880 3272 1024 3316 amoram
1048 3271 1088 3315 ac
1117 3267 1239 3317 reveren-

97 3358 178 3423 tiam
202 3357 369 3424 commode
392 3359 583 3444 utiliterque
606 3380 669 3424 non
692 3363 820 3424 tantum
842 3358 875 3423 in
899 3355 1021 3422 ducatu
1045 3356 1180 3435 Sueviae,
1199 3348 1239 3418 nbi

94 3462 227 3544 habito,
260 3485 372 3530 verum
409 3464 507 3530 etiam
540 3465 572 3529 iu
611 3470 681 3530 tote
718 3462 894 3530 Germania
925 3460 1149 3546 patrocinatus
1179 3477 1239 3532 sun,

95 3570 195 3635 etiam
219 3592 292 3637 cum
316 3571 520 3636 fortunarum
545 3592 691 3637 mearum
715 3568 869 3651 nonnullo
893 3568 1073 3654 dispendio.

184 3676 277 3742 Unde
307 3682 456 3760 poteram
485 3676 579 3742 facile
603 3677 682 3742 mihi
705 3676 768 3760 ipsi
795 3674 835 3740 de
858 3673 986 3741 illorum
1010 3678 1168 3759 perpetua
1187 3687 1241 3755 gra·

95 3779 243 3862 titudine,
274 3779 403 3867 qualem
431 3803 490 3866 per
517 3782 630 3848 literas
661 3788 729 3847 tam
757 3781 905 3867 publicas
929 3801 1061 3847 suorum
1084 3775 1242 3864 provincia·

95 3886 172 3952 lium
205 3908 302 3973 quam
330 3886 530 3972 singulorum
559 3888 705 3972 privatas
734 3886 847 3971 sigillis
871 3886 938 3953 suis
960 3885 1134 3952 roboratas
1157 3888 1186 3953 et
1205 3899 1242 3946 us·

95 4014 157 4079 que
180 3990 244 4058 huc
266 3993 300 4058 in
324 3992 610 4078 chartophilacio⁵
633 4016 705 4060 meo
730 3998 886 4073 servatas,
910 4013 996 4076 stepo
1019 3990 1155 4077 polliciti
1176 3988 1241 4061 sunt,

660 4123 678 4161 tlt

168 4211 270 4261 rstatt
300 4209 345 4262 dor
375 4212 569 4280 vollstttndigen
600 4212 752 4264 sufsohritt:
796 4210 926 4261 Facultati
958 4208 1098 4276 theologie
1126 4198 1242 4277 parisiensi

93 4298 211 4349 Joannes
224 4298 353 4350 lteuohliu
366 4300 418 4350 LL.
433 4300 541 4350 Doctor.
555 4302 580 4351 S.
594 4301 625 4350 D.
642 4302 671 4352 Ρ.
686 4306 711 4353 2.
726 4305 750 4351 ³.
826 4304 839 4349 2
859 4300 981 4349 Parrerst
994 4301 1017 4349 3.
1093 4301 1107 4348 3
1127 4298 1213 4349 Omnes
1223 4292 1242 4340 3·

94 4389 111 4436 4
129 4386 333 4456 Duodctriginta
344 4387 417 4439 oben
435 4403 492 4441 nro.
510 4389 663 4442 CLXXXII.
738 4390 755 4441 5
774 4385 998 4455 chartophylacio
1018 4391 1043 4440 2.
1062 4390 1088 4440 3.
