2716 4898
609 306 673 372 351

55 503 161 562 tamen
194 496 394 562 necessarias
424 496 465 562 ad
495 497 696 581 probandum
728 519 798 582 quae
828 495 871 583 (ei
901 494 1075 582 separatim
1100 516 1138 561 ao
1162 495 1224 560 ein-

54 602 127 684 gula
157 601 308 667 dicautur
336 600 469 667 infirmae
499 603 577 682 eint,
608 624 679 669 oum
709 601 836 668 oaeterie
864 602 1043 686 conjunctae
1065 599 1166 666 firmae
1190 607 1225 666 el

55 705 239 791 probabiles
264 706 358 788 fiunt)
383 708 546 793 interponi
569 709 602 775 in
624 709 732 775 medio
756 714 790 774 el
813 707 965 774 collocari
988 712 1127 791 oportet.

144 801 279 893 Danaus,
308 813 367 879 mil
390 813 560 882 derselbon
585 813 671 882 hand
695 814 756 879 anf
776 813 946 880 darselben
970 812 1051 879 seite
1075 811 1223 895 folgende

53 919 160 984 kleine
184 919 328 984 soherze:

125 1073 153 1123 Si
173 1074 271 1136 vineis,
291 1074 388 1124 teneris
406 1091 439 1125 ex
457 1079 534 1140 paolo
552 1076 572 1137 ¹;
593 1074 615 1127 ai
635 1075 747 1127 vinderia
766 1075 863 1127 teneris
882 1092 914 1126 ex
932 1075 1070 1126 sententia.

125 1163 153 1214 si
171 1162 264 1226 vineo,
283 1177 337 1211 non
356 1169 446 1212 teneor
465 1179 497 1213 ex
516 1163 646 1214 sententia
669 1162 693 1224 ²3
711 1164 733 1213 ai
754 1162 846 1214 vinoor
864 1179 919 1212 non
938 1168 1028 1214 teneor
1046 1179 1078 1213 ex
1096 1170 1183 1230 paeto.

127 1251 155 1301 Si
174 1249 248 1300 ducis
267 1248 417 1316 pulchram,
438 1249 513 1301 ducis
532 1267 630 1313 euram,

128 1338 156 1388 si
175 1337 249 1388 dnaia
268 1337 424 1399 difformem,
443 1337 517 1388 duola
537 1353 649 1404 poenam,

126 1424 253 1476 Ducenda
271 1424 354 1491 igitur
373 1440 440 1474 uxor
459 1441 512 1476 non
532 1432 579 1477 eat.

126 1514 155 1564 Si
173 1513 240 1565 duoo
259 1512 410 1579 pulchram,
431 1530 484 1564 non
504 1512 571 1564 duoo
590 1529 701 1581 poenam,

127 1601 155 1652 Si
175 1600 336 1663 dfflormem,
355 1618 409 1652 non
427 1602 494 1653 duoo
513 1618 611 1666 euram,

126 1689 253 1741 Ducenda
271 1695 311 1740 eat
330 1688 411 1755 igitur
431 1707 508 1741 uxor.

145 1819 212 1884 Auf
229 1824 248 1884 3
265 1819 437 1903 folgenden
461 1819 563 1886 seiten
588 1817 709 1885 anrede
725 1819 783 1885 der
798 1819 1050 1886 verschiedenen
1065 1839 1225 1903 personen

57 1924 124 1990 und
147 1924 296 2005 uuirdon,
320 1924 504 2009 anlangend
527 1927 586 1990 mit
608 1946 709 2010 papa,
732 1946 793 1991 von
817 1925 957 1991 anderen
979 1923 1075 1990 hand.

145 2035 271 2094 Hdaohr.
289 2036 331 2096 St.
349 2034 462 2094 Gallen.
495 2035 569 2094 Vad.
587 2034 656 2095 bibl.
674 2053 738 2095 nro.
758 2037 835 2109 5693
859 2052 985 2111 uupagg.
1005 2029 1068 2107 5¹la
1085 2033 1135 2094 bll.

549 2295 727 2363 XXXVIlss.

125 2417 282 2485 (Wildbad.)
939 2418 984 2483 (11
1005 2417 1076 2482 Sept.
1099 2415 1187 2480 1492.)

53 2533 1224 2638 AEnigmaJoannisReuchliuInT'hermisHeroiniisaNympha

53 2663 323 2763 speciosissima
341 2661 519 2736 oblatum.
548 2661 598 2760 iij.
624 2659 674 2734 id.
696 2659 795 2770 Sept.
817 2685 916 2732 anno
935 2655 1221 2733 MOOOOXOII.

197 2851 268 2902 Inter
287 2850 499 2917 Hamadryadas,
518 2855 544 2900 et
563 2849 646 2916 aprici
664 2864 762 2916 panorm
780 2848 872 2911 saltus,

251 2937 320 2989 Dum
340 2939 452 3005 spatior,
472 2937 550 2988 turba
568 2954 609 2988 me
627 2938 770 2988 eomitante
788 2953 853 3000 mea,

200 3028 294 3094 Cespee
314 3033 384 3088 erat,
402 3025 533 3092 viridique
552 3043 599 3077 suo
620 3025 651 3077 de
668 3025 787 3093 gramine
804 3039 912 3092 eampua

252 3116 310 3166 lllie
329 3116 387 3166 visa
406 3116 457 3165 fuit
475 3114 574 3166 nobilia
593 3115 702 3182 effigies.

201 3203 385 3269 Obstupuique
404 3202 495 3253 videns
514 3201 618 3254 blandae
637 3202 779 3252 simulacra
796 3202 895 3268 flgurae.

251 3292 317 3342 Nam
336 3308 384 3342 nea
401 3297 476 3342 erant
494 3291 632 3352 Lemures,
652 3305 701 3341 neo
718 3289 761 3340 vel
780 3288 867 3356 imago
886 3303 992 3344 nocane.

201 3379 249 3430 Sed
268 3379 347 3430 simul
365 3378 399 3429 ad
417 3380 529 3440 fontem,
549 3393 601 3443 quo
621 3393 689 3443 saepe
707 3377 796 3426 lavare
814 3373 938 3437 solebam,

253 3469 296 3530 Se,
317 3467 382 3517 mihi
400 3467 488 3517 neseio
507 3465 584 3530 quid,
604 3463 701 3514 obtulit
719 3463 788 3512 inter
806 3477 897 3527 aquae.

199 3557 320 3621 Dumque
338 3554 422 3605 redire
441 3554 546 3604 domum
565 3566 690 3619 propero,
710 3549 836 3600 comitata
854 3549 957 3615 puellis,

251 3643 321 3704 Hoc,
341 3641 412 3707 quod
432 3641 519 3692 neseio
539 3638 615 3705 quid,
635 3655 662 3689 ee
679 3636 751 3687 dedit
769 3642 796 3687 et
813 3636 944 3688 comitem.

198 3729 311 3794 Jamque
330 3729 481 3791 videbatur,
501 3745 563 3779 mox
581 3743 609 3778 se
627 3732 688 3793 poet
706 3741 769 3776 saxa
787 3723 913 3775 recondit.

252 3817 328 3867 Nune
347 3817 431 3867 visum
450 3824 489 3867 eal
507 3817 598 3882 longe,
617 3814 689 3865 nuno
706 3829 788 3880 prope
805 3813 895 3864 adeaae
915 3813 987 3864 mihi.

199 3905 318 3970 Denique
336 3911 448 3956 conatur
465 3904 549 3954 oeulis
569 3902 680 3954 illudere
698 3901 804 3964 nostrie,

252 3994 286 4043 Et
304 3993 380 4044 lateri
398 3998 489 4042 nostro
509 3993 620 4058 jungere
638 3992 707 4041 forte
722 3989 803 4040 latua.

200 4081 269 4144 Quin
289 4081 371 4131 aoiam
389 4079 492 4131 studuit
510 4094 611 4130 meeum
633 4077 805 4129 concumbere
822 4076 899 4127 lecto.

251 4154 436 4232 Nudatumque
455 4166 530 4217 salax
549 4181 690 4234 exuperare
708 4166 823 4216 thorum.

311 4354 314 4361 .
635 4319 652 4358 a

136 4419 146 4463 l
169 4414 218 4464 Am
240 4411 306 4464 rand
326 4413 362 4464 M.
382 4409 571 4476 Protbagoraa.
645 4413 659 4466 2
680 4409 729 4458 Am
748 4407 814 4458 rand
833 4405 973 4465 Euathlus.
