2716 4898
651 333 713 401 149

598 521 769 592 CXXXIV.

167 607 247 664 ctln.
996 617 1134 669 araneas
1157 621 1232 672 1512.

93 695 136 769 F.
149 693 344 771 Comedus
358 696 491 804 Kollin
508 696 554 772 de
566 698 691 797 Ulma,
705 701 904 801 theologiae
915 703 1110 802 professor,
1126 707 1267 783 ordinis

93 817 399 915 Praedicatorum‚
416 820 562 920 egregio
576 822 823 924 imperialium
837 804 963 924 legum
973 825 1114 902 doctori
1123 828 1267 906 loanni

92 938 279 1014 Reuchlin
311 939 515 1017 Sueuorum
543 941 874 1021 Oonfcederationis
910 947 1118 1048 aequissimo
1146 951 1266 1051 judici

92 1088 180 1138 cum
224 1064 547 1140 commendatione
591 1067 749 1143 salutem
793 1069 994 1171 plurimam
1038 1084 1075 1148 et
1119 1100 1259 1151 annum

534 1217 536 1222 ’
579 1187 743 1266 foelicem
756 1190 779 1267 ¹.

183 1378 369 1447 Clarissimo
385 1380 513 1449 domine
529 1380 651 1462 doctor,
674 1380 776 1448 mittit
797 1380 936 1450 facultas
951 1389 1066 1457 nostra
1080 1389 1262 1477 theologica

90 1481 305 1567 coloniensis,
321 1507 392 1572 quae
408 1485 619 1553 emendandae
637 1485 788 1553 videntur
802 1489 1049 1573 propositiones,
1078 1516 1157 1580 quas
1172 1502 1258 1563 trac·
1329 1560 1332 1565 .

90 1593 182 1656 tatus
217 1596 326 1658 vester
356 1592 510 1674 continet,
539 1597 714 1695 optatque,
741 1598 779 1658 ut
801 1613 898 1677 super
923 1599 1146 1666 emendatione
1177 1601 1261 1687 ejus·

90 1694 181 1759 modi
203 1696 460 1781 propositionum
492 1697 685 1784 quantocius
709 1701 850 1763 mentem
871 1705 1015 1767 vestram
1038 1704 1143 1770 eidem
1166 1704 1262 1789 signi-

89 1798 204 1864 ficetis.
251 1799 406 1887 Arguitur
429 1823 557 1889 nanque
580 1787 789 1887 negligentiae,
822 1803 899 1889 quia
923 1826 986 1871 non
1009 1807 1093 1892 agit,
1123 1814 1253 1894 utque

90 1891 232 1988 plurimo
264 1906 417 1973 scandalo
442 1914 532 1989 sunt,
564 1908 777 1974 emendentur
800 1913 860 1973 etc.
907 1909 1103 1977 charissime
1126 1911 1255 1980 domine

88 2009 214 2090 doctor,
237 2030 302 2076 non
325 2011 447 2092 dubito,
472 2012 657 2079 Dominatio
681 2017 791 2078 vestra
814 2011 955 2080 confidat
977 2015 1011 2080 in
1040 2036 1092 2082 me
1115 2022 1152 2082 ut
1174 2018 1254 2083 ami-

88 2136 163 2180 cum
195 2120 229 2181 et
254 2115 401 2199 profecto
430 2117 525 2184 amici
549 2139 664 2185 munus
692 2114 819 2184 effecise
843 2123 877 2183 et
899 2118 1008 2186 facere
1035 2141 1087 2186 me
1110 2122 1255 2190 arbitror

89 2226 124 2285 et
146 2225 185 2286 ut
207 2220 330 2287 amicus
354 2223 486 2289 consulo
510 2222 658 2290 fideliter.
694 2222 758 2288 Res
778 2223 811 2287 in
828 2243 866 2289 eo
882 2230 973 2291 statu
989 2231 1055 2292 est:
1079 2224 1259 2294 Effeeeram

91 2346 161 2409 ego,
185 2330 223 2390 ut
244 2323 384 2394 facultas
409 2328 497 2394 diota
520 2327 611 2394 vobis
633 2327 759 2412 pariter
782 2349 856 2394 cum
877 2330 1152 2413 propositionibus
1178 2334 1260 2398 scri-

92 2429 189 2496 beret
222 2451 334 2498 earum
368 2431 544 2514 defectum,
583 2432 724 2519 qualiter
759 2432 859 2499 etiam
890 2434 1097 2501 emendanda
1133 2443 1256 2518 essent;

92 2542 352 2621 supervenerunt
381 2537 456 2602 hinc
490 2537 565 2604 inde
594 2539 719 2622 scripta
750 2559 822 2623 quae
850 2543 1025 2604 tractatum
1056 2539 1148 2606 illum
1179 2562 1251 2625 gra-

91 2641 178 2706 viter
205 2647 374 2728 accusant,
404 2639 500 2707 simul
524 2648 558 2708 et
579 2643 769 2709 facultatem
792 2643 911 2728 ipsam,
935 2644 1097 2729 quianon
1121 2642 1259 2712 celerius

91 2749 209 2813 contra
233 2747 493 2813 Dominationem
522 2753 664 2814 vestram
693 2736 849 2832 procedat
878 2755 977 2835 atque
1005 2746 1125 2814 librum
1147 2749 1256 2833 ipsum

91 2850 295 2916 condemnet.
341 2851 463 2931 Quibus
486 2858 635 2938 permota
657 2853 796 2919 facultas
817 2854 890 2938 ipsa
913 2853 1090 2920 consultius
1121 2853 1191 2920 fore
1210 2855 1264 2941 ju·

92 2956 223 3037 dicavit,
257 2958 285 3023 si
307 2957 545 3043 propositiones
575 2959 654 3043 ipsae
683 2959 788 3043 primo
812 2958 1031 3024 Dominationi
1062 2966 1179 3026 vestrae
1208 2982 1262 3027 ex-

92 3061 277 3128 hibeantur.
323 3063 467 3130 Possetis
488 3084 627 3149 nanque,
650 3069 688 3129 ut
710 3064 815 3148 ajunt,
840 3062 922 3129 velle
953 3056 1135 3148 protervire
1163 3072 1263 3152 atque

93 3167 330 3233 contumaciter
353 3188 425 3252 quae
459 3168 635 3254 scripsistis
659 3167 838 3249 defensare,
867 3189 932 3253 quo
961 3167 1069 3249 fieret,
1098 3175 1135 3235 ut
1167 3170 1264 3237 aliter

92 3270 271 3357 procedere
295 3279 470 3356 oporteret.
515 3274 562 3340 Ut
584 3293 660 3358 ergo
683 3273 822 3339 facultas
844 3273 917 3357 ipsa
938 3293 1002 3340 non
1025 3271 1175 3340 videatur
1189 3296 1264 3359 par-

93 3377 181 3444 tialis
197 3383 297 3462 atque
312 3377 404 3443 vobis
420 3378 593 3459 colludere,
609 3378 711 3445 voluit
727 3379 831 3463 primo
848 3377 1001 3444 exhibere
1012 3377 1261 3465 propositiones,

97 3502 234 3567 sperans
267 3482 310 3548 ad
338 3504 444 3549 meam
473 3485 692 3568 sponsionem,
723 3484 809 3570 quod
838 3490 876 3550 ut
898 3484 1000 3549 virum
1024 3482 1143 3548 bonum
1173 3482 1268 3550 decet

93 3608 157 3653 non
189 3588 385 3655 recusabitis
413 3610 485 3670 vos,
507 3590 605 3655 immo
629 3589 731 3674 magis
754 3587 992 3674 propositiones
1015 3592 1049 3653 et
1072 3587 1163 3655 dicta
1186 3588 1262 3655 sub·

94 3696 226 3758 mittere
260 3694 454 3760 correctioni
493 3693 677 3775 facultatis,
717 3715 789 3780 quae
824 3714 864 3759 ex
896 3699 971 3778 post
1005 3693 1265 3762 Dominationem

94 3805 237 3865 vestram
260 3797 354 3882 plene
377 3797 576 3881 informabit,
599 3799 631 3865 in
656 3819 720 3885 quo
744 3798 833 3864 dicta
864 3797 974 3883 aliqua
1006 3797 1168 3865 deficiant.
1214 3800 1265 3864 In-

93 3903 324 3970 formationem
349 3924 478 3989 quoque
501 3904 594 3972 dabit
617 3904 707 3970 salvo
730 3903 853 3970 honore
878 3906 917 3969 ea
945 3902 1146 3970 emendandi.
1193 3902 1266 3967 Non

95 4015 146 4076 est
169 4008 310 4075 facultas
333 4007 376 4074 ad
400 4010 620 4077 confusionem
643 4007 879 4075 Dominationis
901 4013 1028 4089 vestra,
1062 4007 1120 4073 sed
1142 4005 1185 4073 ad
1201 4005 1264 4072 sal-

93 4114 236 4182 vandum
263 4112 419 4179 honorem
447 4135 567 4198 prona,
590 4135 664 4180 cum
686 4119 738 4180 tot
759 4135 819 4200 per
841 4134 893 4179 me
915 4113 1097 4198 percipiant
1120 4111 1266 4195 egregias

93 4218 333 4287 Dominationis
357 4224 472 4285 vestrae
494 4218 618 4287 laudes.
643 4218 828 4286 Dominatio
851 4222 961 4285 restra
982 4217 1017 4282 in
1037 4216 1098 4282 hoc
1116 4235 1172 4283 oro
1189 4237 1263 4303 sup·

672 4371 688 4411 a

170 4461 181 4509 1
202 4455 280 4510 Ohnc
298 4456 441 4514 autscbrift
461 4461 486 4508 2.
