2716 4898
643 304 704 370 157

84 509 145 577 ego
170 489 328 573 scandali,
352 491 380 560 si
403 490 490 578 quod
513 499 610 574 esset,
633 499 729 560 autor
751 493 807 575 fui,
831 494 890 560 sed
912 492 1106 578 proditores.
1137 492 1258 578 Accepi

85 599 172 664 enim
190 600 201 636 ¹
226 598 371 665 clausum
395 598 585 664 mandatum
601 603 635 665 ot
650 598 780 664 reddidi
799 597 945 664 clausum
968 599 1146 679 consilium,
1169 599 1258 684 quod

84 701 208 788 injuste
238 703 421 787 proditores
454 702 704 786 publicaverunt
720 704 747 784 2,
781 704 947 804 impressis
977 705 1076 771 etiam
1105 705 1257 789 primitus

86 807 217 875 libellis.
263 808 335 887 Qua
358 810 391 874 in
414 808 544 875 causa³
566 809 701 875 obsecro
725 816 756 875 te
780 815 817 875 ut
839 809 928 892 legas
959 809 1063 876 simile
1087 809 1118 877 S.
1142 811 1257 878 Hiero·

85 933 181 998 aymo
212 913 385 998 contigisse
412 935 434 979 a
463 913 700 998 proditoribus,
731 913 764 978 in
795 912 880 979 libro
910 914 950 979 de
980 916 1101 998 optimo
1137 935 1255 999 genere

86 1017 334 1102 interpretandi,
355 1020 455 1103 paulo
478 1026 554 1104 post
574 1018 787 1102 principium,
809 1018 866 1085 ubi
888 1020 1012 1102 pariter
1033 1021 1048 1060 ⁴
1078 1021 1166 1087 inter
1188 1020 1257 1087 alia

86 1125 130 1192 sic
164 1124 296 1191 scribit:
342 1124 444 1206 „Quid
477 1124 566 1209 apud
597 1124 744 1190 homines
772 1131 878 1190 tutum
909 1126 1010 1191 erit?“
1060 1125 1128 1192 Et⁵
1151 1127 1253 1193 infra:

89 1230 271 1310 ,Quamdiu
293 1252 358 1296 uon
380 1230 510 1314 prolero
533 1229 684 1314 cogitata,
714 1228 888 1296 maledicta
914 1252 978 1296 uon
1005 1231 1141 1297 crimina
1168 1237 1255 1313 sunt,

85 1335 183 1403 immo
208 1358 250 1404 ne
273 1335 450 1402 maledicta
478 1334 623 1421 quidem,
659 1356 731 1419 quae
757 1354 854 1402 aures
881 1335 1040 1419 publioe⁸
1078 1337 1253 1403 nesciant.“

84 1439 163 1507 Haec
207 1442 272 1509 ille.
324 1441 388 1508 Sed
416 1442 660 1508 renunciatores
693 1440 899 1507 consiliorum
931 1441 1089 1525 principis
1120 1442 1152 1506 in
1181 1443 1257 1527 jure

81 1546 172 1613 cirili
206 1547 300 1614 furca
330 1548 586 1633 suspenduntur,
614 1545 701 1631 quod
724 1547 849 1613 utinam
872 1545 955 1612 faxit
977 1547 1065 1613 Deus
1096 1554 1130 1613 et
1151 1546 1257 1614 laxint

79 1649 241 1721 homines.

174 1759 258 1826 Cum
286 1760 399 1844 itaque
428 1781 468 1826 ex
499 1759 731 1827 contumelioso
760 1757 870 1825 libello
893 1756 1027 1824 Joanuis
1054 1755 1256 1825 Pfefferkom

75 1864 381 1932 animadverterem
404 1864 444 1931 de
468 1857 662 1950 quibusdam
685 1863 816 1948 scriptis
844 1863 924 1929 meis
946 1863 1082 1948 pusillos
1111 1870 1146 1931 et
1167 1861 1257 1929 infir·

73 1992 155 2038 mos
186 1970 272 2037 forte
300 1971 513 2037 scandalizari
541 1991 652 2055 posse,
689 1969 842 2056 quoniam
874 1989 938 2034 non
974 1968 1078 2035 solum
1114 1968 1256 2054 difficile,

75 2076 142 2143 sed
170 2097 255 2160 pene
284 2076 484 2161 impossibile
507 2078 563 2157 sit,
587 2077 635 2142 ita
657 2075 778 2141 librare
802 2081 836 2140 et
858 2074 1044 2141 examinare
1066 2074 1168 2142 rerba
1190 2076 1255 2143 sin·

75 2181 254 2267 gulaque
283 2184 356 2267 quis
378 2183 539 2268 proponit,
562 2181 712 2248 utnulla
735 2181 863 2247 esseio
887 2201 985 2247 sensu
1007 2181 1164 2247 sermonis
1187 2202 1255 2247 am·

76 2285 242 2371 bignitas,
273 2293 307 2352 et
334 2308 472 2354 erronea
494 2288 571 2354 inde
593 2287 702 2371 opinio
724 2286 815 2352 nulla
844 2284 918 2350 elici
939 2286 1060 2368 possit3
1092 2291 1162 2352 tum
1192 2285 1256 2371 legi

78 2391 250 2477 relegique
285 2393 408 2476 scripta
435 2412 526 2473 mea,
558 2400 592 2460 ct
619 2414 640 2459 o
667 2393 793 2459 nemine
824 2397 955 2458 coactns
984 2389 1042 2457 sed
1072 2391 1254 2458 voluntarie

78 2504 183 2583 atque
206 2497 347 2564 libenter
366 2496 470 2564 nodos
486 2498 630 2579 enodavi,
654 2497 882 2582 declararique
907 2497 1119 2563 intentionem
1145 2516 1254 2564 meam

82 2603 137 2668 cui
160 2602 261 2670 verba
284 2603 449 2671 deservire
473 2604 602 2685 debent,
625 2603 721 2670 modo
745 2602 878 2668 meliore
903 2623 967 2687 quo
990 2603 1082 2685 potui
1105 2602 1184 2670 licet
1198 2601 1257 2668 ad·

83 2707 216 2774 modum
240 2708 340 2790 brevi,
364 2708 462 2794 idque
485 2710 518 2776 in
541 2709 643 2776 latino
667 2709 795 2794 eloquio
818 2715 953 2792 propter
976 2709 1158 2792 angustiam
1174 2714 1255 2774 tem·

82 2813 182 2895 poris.
234 2815 309 2880 Jam
338 2815 423 2880 enim
452 2815 621 2881 instabant
656 2814 806 2879 nundinae
835 2813 1142 2880 Francofordienses
1160 2815 1188 2895 ἵ,
1221 2815 1256 2882 in

86 2917 203 3002 quibus
231 2940 282 2985 me
314 2926 429 2986 contra
457 2921 584 3005 priores
615 2920 777 2986 nundinas
801 2926 1016 3003 expurgatum
1039 2920 1194 3004 oportuit,
1217 2926 1256 2988 ut

86 3023 205 3090 clarius
226 3025 259 3090 in
282 3025 385 3092 libelli
408 3026 472 3091 mei
495 3025 572 3092 folio
596 3025 709 3110 quinto
737 3026 922 3091 continetur
938 3024 961 3091 ⁸.
1006 3027 1146 3092 Paratus
1166 3027 1254 3093 enim

87 3149 173 3224 eram
197 3134 231 3196 et
252 3131 286 3196 in
308 3132 483 3198 vernacula
498 3152 625 3217 quoque
641 3131 751 3215 lingua
767 3151 806 3196 ea
822 3129 928 3212 edere,
953 3131 981 3198 si
996 3153 1060 3198 non
1075 3133 1253 3216 impressor

662 3368 681 3408 3

157 3461 169 3509 1
190 3456 222 3509 N.
245 3462 257 3507 l
279 3472 391 3523 namque
404 3460 428 3509 3.
448 3443 522 3510 liber
540 3457 582 3509 die
596 3458 681 3510 sache
701 3457 753 3525 vgl.
768 3456 897 3510 Reucblin
914 3475 935 3511 s.
950 3463 998 3509 241
1019 3459 1057 3526 fg.
1130 3461 1144 3507 2
1166 3454 1254 3506 Publi·

86 3553 177 3597 earnnt
195 3550 221 3597 8.
289 3546 383 3608 3Qua
401 3548 428 3597 in
448 3546 583 3599 censebis
597 3546 719 3598 homines
738 3563 760 3597 a.
786 3550 816 3597 16
832 3546 1003 3613 ausgelassen
1023 3551 1047 3596 2.
1120 3543 1257 3595 dPariter

85 3635 255 3701 smgelassen
275 3638 299 3688 3.
374 3635 475 3704 50pp.
501 3636 541 3686 ed.
564 3635 692 3687 Erasmus
711 3636 749 3686 111
775 3635 820 3686 fol.
843 3637 892 3686 166
911 3634 942 3687 D.
1016 3631 1254 3686 eruptiones.

83 3721 150 3774 auch
169 3721 215 3774 bei
234 3725 363 3775 Erasmus
381 3740 406 3774 a.
426 3740 448 3775 a.
523 3723 791 3774 'lFranoofnrtenses
811 3726 834 3774 3.
854 3729 992 3790 purgatum
1012 3723 1035 3771 3.
1110 3718 1254 3788 8Libelli}

84 3810 162 3862 ntml.
184 3811 231 3862 der
243 3812 440 3879 augenspiegel.
479 3813 545 3864 Dort
557 3812 623 3862 wir-d
642 3810 676 3876 (A
696 3813 739 3877 la)
757 3810 865 3874 erathlt,
878 3811 928 3861 wie
940 3808 1068 3860 Reucbllu
1083 3825 1143 3859 rom
1157 3809 1255 3875 kaiser,

82 3896 139 3949 dem
158 3915 188 3951 er
206 3902 234 3951 in
246 3900 406 3967 Reutlingeu
419 3900 598 3952 Pfefferkorns
610 3900 784 3966 bandspiegel
797 3899 923 3967 tibergab,
935 3898 988 3949 und
1001 3915 1045 3948 um
1058 3898 1148 3948 aeineu
1163 3897 1255 3948 sehuta

82 3985 134 4051 bat,
150 3989 201 4038 auf
215 3989 276 4039 eine
293 3988 486 4055 entsoheidung
505 3989 551 4040 des
569 3989 689 4040 bischofa
708 4005 759 4039 von
771 3988 914 4054 dugsburg
932 3992 1072 4038 vertrbstet
1084 3985 1182 4036 wurde.
1212 3986 1255 4036 Da

82 4072 168 4129 dieser
188 4077 252 4128 aber
270 4076 345 4128 nicht
368 4077 466 4128 einmal
489 4079 566 4129 einen
590 4079 683 4128 termin
707 4082 824 4127 ausetate
853 4076 953 4140 „demit
975 4076 1018 4126 ich
1044 4074 1095 4126 dan
1118 4075 1146 4124 in
1165 4069 1255 4126 dieder

81 4163 243 4217 frankfurter
260 4160 426 4217 herbstmesll
450 4181 502 4216 ron
529 4166 664 4216 frembden
683 4164 783 4216 lelitten
802 4164 845 4214 die
864 4164 935 4215 mich
954 4166 994 4214 uit
1011 4162 1115 4213 konnen
1134 4161 1174 4213 nit
1192 4157 1254 4213 alllo

80 4252 123 4304 tor
140 4254 220 4304 einen
239 4253 442 4320 leiehtuertigen
461 4269 539 4304 mann
560 4254 685 4321 gehalten
704 4253 805 4316 werde,
825 4254 876 4303 wie
894 4251 964 4303 mich
988 4252 1034 4302 der
1051 4250 1128 4301 taufft
1146 4249 1193 4301 iud
1210 4250 1254 4300 ine

79 4340 159 4394 nebat
181 4342 337 4396 verschiner
357 4338 430 4395 maed
456 4342 583 4396 offenlich
607 4341 804 4409 verunglimpfft
826 4340 881 4391 hat.
919 4339 954 4391 So
974 4339 1030 4391 will
1052 4338 1096 4392 ioh
1115 4337 1186 4391 mich
1205 4338 1254 4394 mit

78 4438 238 4501 genuenses
256 4431 368 4485 warbait
385 4446 471 4500 gagen
489 4430 677 4498 mengkliohen
695 4429 925 4485 verantwurtenn“
944 4432 994 4482 ete.
1077 4456 1080 4461 ·
