2716 4898
708 277 773 344 342

153 474 253 559 phum
277 478 314 539 ut
336 473 530 558 pithagorici
559 469 703 551 tradunt,
737 469 814 555 quid
846 470 1095 554 peragracioues
1127 469 1194 554 ejus
1214 489 1298 536 receu-

155 601 256 657 seam,
288 599 368 664 quas
394 577 572 662 disciplinae
595 592 696 641 cansa
719 575 893 659 perfecerit
916 596 988 641 cum
1012 597 1071 641 uec
1096 574 1298 642 disertissimus

155 684 371 750 Philostratus
403 688 477 748 octo
509 682 637 766 quidem
670 680 885 747 voluminibus
918 681 1000 747 satis
1024 680 1242 766 expediverit?
1264 679 1298 744 ln-

157 790 257 857 travit
281 789 408 868 Persas,
432 788 642 873 pertransivit
666 787 856 866 Caucasum,
883 784 1035 865 Albanos,
1060 786 1183 870 Scytas,
1206 785 1298 850 Massa·

155 902 256 980 getas,
279 893 462 978 penetravit
486 891 583 957 ludes
609 890 835 957 Brachononas
864 893 873 929 ¹
898 890 1055 956 accedens
1080 899 1117 956 ut
1140 887 1298 956 Jarcamiu

156 999 272 1065 throno
296 997 462 1064 sedentem
492 1019 592 1063 aureo
623 1004 656 1062 et
688 995 729 1062 de
760 995 890 1061 Tantali
922 997 1010 1061 sonte
1042 1001 1208 1080 potantem
1238 995 1300 1058 iuter
1347 1006 1350 1089 j

155 1125 276 1190 paucos
301 1101 475 1187 discipulos
499 1103 539 1168 de
562 1108 692 1182 natura,
720 1099 760 1167 de
784 1099 929 1167 moribus
949 1122 991 1174 ‚ac
1016 1101 1055 1166 de
1080 1122 1178 1167 cursu
1201 1100 1298 1165 dierum
1348 1142 1350 1153 ·

156 1232 194 1276 ac
212 1210 354 1276 siderum
371 1208 501 1273 audiret
517 1208 729 1274 disserentem
738 1206 760 1287 ²,
783 1206 859 1271 inde
876 1229 934 1292 per
951 1206 1117 1285 Elamitas,
1134 1204 1299 1282 Babilouius,
1348 1282 1350 1293 Ι

158 1312 329 1392 Chaldeos,
359 1313 481 1392 Medos,
507 1314 665 1398 Assyrios,
688 1311 838 1392 Parthos,
863 1312 969 1397 Syros,
993 1311 1171 1391 Phoenices,
1195 1309 1300 1386 Arabes,

156 1417 336 1485 Palestinos
361 1440 509 1484 reversus
532 1419 574 1482 ad
592 1416 832 1483 Allexandriam
857 1419 1002 1501 perrexit
1024 1416 1066 1483 ad
1093 1411 1300 1502 Aethiopiam³
1346 1444 1350 1495 u

156 1532 192 1592 ut
216 1524 496 1612 gymnosophistas
521 1524 656 1590 videret.
1348 1510 1350 1539 ²

247 1631 370 1697 Horum
392 1631 493 1714 igitur
516 1630 621 1695 instar
650 1628 682 1694 hi
712 1629 816 1695 nostri
840 1628 1008 1694 laureandi
1039 1650 1104 1714 quo
1128 1629 1250 1696 facilius
1268 1648 1302 1692 ra·

158 1757 246 1802 mum
270 1736 448 1802 dextimum
472 1735 681 1819 pithagoricae
704 1733 825 1799 laureae
849 1741 1044 1818 superarent
1068 1735 1116 1817 (et
1139 1735 1174 1800 id
1197 1733 1302 1820 quidem

158 1841 234 1907 dum
263 1841 332 1907 sola
363 1840 567 1925 philosophia
599 1840 786 1905 moderetur
816 1838 925 1922 facile)
956 1840 1061 1905 multa
1092 1847 1225 1925 propter
1253 1858 1304 1904 eam

158 1953 273 2031 sponte
296 1952 539 2012 contemserunt
562 1945 679 2030 quibus
703 1944 851 2030 plerique
876 1946 1015 2010 maxime
1039 1945 1229 2029 gloriantur,
1253 1964 1305 2010 cum

158 2051 309 2136 Dyogene
334 2051 518 2130 societates,
540 2072 614 2116 cum
638 2049 774 2116 Thalete
797 2051 983 2131 avariciam,
1006 2072 1079 2117 oum
1103 2052 1251 2119 Zaione⁴
1270 2069 1307 2113 va

158 2155 256 2242 gandi
278 2162 415 2235 motum,
446 2177 520 2222 cum
545 2156 675 2223 Melisso
699 2155 954 2235 multitudinem,
986 2157 1127 2243 denique
1155 2179 1227 2224 cum
1250 2156 1310 2223 Car·

159 2261 262 2330 meade
285 2261 396 2328 luxum
421 2261 642 2347 deposuerunt
671 2269 704 2327 et
725 2262 979 2346 impudenciam‚
1011 2270 1049 2329 ιιι
1071 2262 1205 2329 tandem
1227 2260 1309 2348 philo

159 2368 281 2454 sophiae
313 2368 525 2433 sanctissimae
558 2389 652 2452 quam
683 2366 880 2434 affectarunt
904 2368 926 2448 5,
959 2367 1078 2434 saltem
1113 2390 1178 2434 non
1208 2365 1310 2451 indigui

161 2473 310 2559 discipuli
327 2473 569 2557 judicarentur,
602 2473 722 2558 qnippe
747 2494 819 2557 quae
842 2473 1050 2559 philosophia
1068 2475 1173 2542 solum
1197 2475 1312 2542 beatum

159 2581 238 2646 iacit
267 2579 427 2646 homimem
458 2578 672 2663 uelitibusque
703 2578 931 2663 iutelligeuciis
960 2580 1209 2665 proximiorem,
1237 2577 1313 2646 intel·

159 2686 279 2752 lectum
302 2685 465 2751 illuminat
487 2690 524 2749 nt
547 2685 643 2764 sciat,
675 2683 827 2750 affectum
850 2685 1030 2751 inflammat
1053 2694 1090 2752 ut
1112 2686 1206 2767 velit,
1237 2705 1314 2772 opem

160 2792 303 2876 suggerit
326 2798 363 2857 ut
385 2791 499 2875 possit.
546 2792 681 2855 Demum
713 2791 855 2856 instituit
878 2797 915 2856 ut
938 2798 1051 2877 crepat
1074 2794 1256 2858 mutatione
1275 2811 1315 2856 co

160 2897 264 2963 munit
287 2902 324 2962 ut
346 2896 501 2982 quiescat,
525 2896 656 2980 regibus
677 2895 895 2981 prudentiam,
918 2897 1076 2964 militibus
1095 2898 1315 2974 fortitudinem,

160 3002 353 3087 praetoribus
371 3003 550 3086 justitiam,
583 3001 788 3086 pontificibus
818 3004 1067 3087 temperantiam
1091 3004 1243 3070 omnibus
1264 3024 1316 3069 om-

161 3108 216 3174 uia
237 3114 373 3193 praestat
397 3107 595 3174 commodai
618 3114 755 3193 praestat
777 3107 856 3174 item
879 3109 987 3174 omnia
1010 3131 1082 3193 quae
1105 3111 1244 3195 quisque
1264 3106 1317 3174 rol·

161 3214 216 3294 vit,
239 3212 335 3280 modo
368 3213 411 3280 sit
437 3213 641 3297 investigata,
671 3212 768 3278 modo
801 3213 845 3279 sit
875 3215 1022 3295 iuventa,
1054 3215 1152 3281 modo
1186 3217 1231 3283 sit
1260 3213 1318 3280 dili·

159 3319 346 3405 gentissime
375 3326 576 3385 conservata.
623 3318 716 3397 Quod
746 3319 773 3385 si
804 3319 907 3386 amico
940 3321 1053 3386 stricte
1084 3322 1317 3407 acquiescimus,

159 3426 231 3510 ipsa
253 3425 304 3491 dis
320 3424 494 3491 celestibus
510 3424 599 3490 hand
614 3446 729 3508 parum
753 3432 804 3490 est
819 3427 1035 3509 praestantior,
1059 3448 1133 3493 cum
1156 3428 1203 3493 sit
1217 3429 1317 3493 horum

160 3552 277 3599 munus
300 3530 387 3615 quod
411 3531 553 3610 vivimus,
577 3530 663 3596 illius
687 3538 795 3597 autem
812 3530 900 3615 quod
923 3531 1005 3598 bene
1021 3531 1167 3599 vivimus.
1209 3534 1243 3600 Si
1256 3552 1318 3618 poe

161 3637 202 3702 tis
225 3636 447 3702 auscultamus
470 3637 540 3721 ipsa
571 3644 622 3702 est
645 3658 684 3701 ex
712 3637 818 3721 capite
841 3637 931 3704 Jovis
958 3639 1073 3722 optimi
1103 3639 1236 3704 maximi
1256 3657 1318 3723 pro·

161 3749 289 3822 creata3
312 3743 362 3808 sin
385 3741 597 3809 Hebraeorum
614 3743 825 3827 sapientibus,
849 3743 920 3828 ipsa
937 3750 987 3809 est
1010 3744 1118 3810 lumen
1142 3745 1241 3810 divini
1262 3740 1317 3806 vul-

160 3852 213 3912 tus
237 3855 270 3913 et
293 3847 446 3932 splendor
470 3848 589 3914 domiui
613 3847 666 3915 dei
684 3849 789 3915 nostri
811 3850 868 3934 qui
892 3870 990 3933 super
1013 3871 1071 3916 uos
1095 3849 1278 3916 effunditur.

745 3968 763 4001 ll·

236 4029 245 4072 l
276 4023 451 4076 Brachonona
475 4026 612 4077 succedens
638 4043 722 4087 mser,
751 4026 867 4093 gemeint
893 4026 929 4077 ist
955 4026 1107 4093 jedensalls:
1138 4027 1316 4083 Brachmanos3

161 4110 218 4162 aime
236 4127 303 4179 ganz
322 4113 444 4164 thuliche
463 4113 537 4165 stelle
556 4114 609 4181 vgl.
629 4115 695 4165 oben
715 4132 736 4164 s.
760 4116 798 4165 15.
873 4119 886 4164 2
909 4116 942 4164 So
962 4114 1099 4165 vermuthe
1123 4115 1179 4178 ich,
1203 4121 1264 4166 statt
1280 4113 1317 4162 deu

161 4198 424 4251 unversttndlichenu
442 4201 528 4252 detete
547 4218 622 4252 unser.
684 4204 746 4253 3111
765 4201 850 4253 einum
869 4207 947 4252 mort:
968 4217 1044 4252 mser.
1107 4204 1176 4254 eso
1194 4200 1317 4254 mechmals

161 4283 275 4336 deutlich
300 4301 341 4335 anu
364 4289 437 4340 rand.
512 4295 526 4338 ι’)
547 4290 606 4340 Von
632 4290 687 4340 hier
709 4306 742 4340 un
765 4289 811 4341 das
834 4289 956 4358 fulgendo
979 4287 1032 4339 bis:
1062 4291 1121 4352 Quo
1140 4291 1171 4342 fit
1189 4306 1230 4342 am
1248 4287 1316 4341 rande

159 4373 218 4424 roth
237 4378 428 4443 anpestrichen.
502 4382 517 4430 6
537 4379 625 4432 urnula
644 4395 683 4448 pr.
702 4394 797 4433 comm.
816 4379 878 4436 roth
897 4376 1099 4436 nuterstrichen.
