2716 4898
644 293 705 358 131

83 483 231 564 mittam,
266 482 442 568 adjuvante
478 482 561 561 Deo,
591 487 630 546 ut
659 480 849 547 desiderare
880 503 944 548 non
973 481 1095 548 habeas
1127 502 1259 549 necesse

84 587 184 652 fidem
207 609 323 652 meam.
371 586 436 653 Sed
464 607 537 652 curn
568 593 712 671 tempore
743 593 862 653 tamen.
908 587 1071 653 Habenda
1094 589 1180 655 enim
1204 592 1255 654 est

87 693 171 756 ratio
195 692 422 758 triumviratus
443 693 507 757 mei
525 696 544 771 ¹,
569 693 721 776 ponenda
743 712 810 776 prae
833 692 935 758 oculis
954 692 1162 759 imbecillitas
1179 711 1262 774 mea,

88 799 142 881 qui
173 818 258 862 rarae
292 800 450 863 textura·
468 797 639 863 homuncio
675 819 757 863 sum.
810 797 889 863 Esto
920 802 958 862 tu
988 818 1028 862 ex
1059 795 1168 882 lapide
1202 818 1262 881 per

88 903 334 983 Deucalionem,
365 923 423 987 ego
452 924 492 968 ex
521 903 610 968 molli
640 902 709 968 luto
732 924 792 988 per
820 902 982 967 Adamum
1004 908 1114 982 ortus;
1142 902 1262 968 utrius-

89 1030 150 1092 que
180 1008 293 1093 dispar
326 1008 477 1074 conditi0.
528 1008 605 1072 Noli
627 1008 712 1073 vires
736 1029 825 1074 meas
849 1007 956 1072 metiri
982 1007 1063 1088 tuis,
1094 998 1260 1096 διάμετρος,

87 1114 283 1202 ἀσύμμετρος.
331 1114 437 1198 Caput
460 1121 551 1179 tunm
575 1113 674 1178 duros
695 1112 823 1179 labores
841 1131 960 1198 eosque
979 1111 1100 1178 multos
1114 1110 1260 1196 perferre

86 1223 208 1301 potest,
232 1228 267 1284 at
289 1241 363 1284 mea
379 1219 520 1284 delicata
536 1225 611 1283 sunt
626 1218 746 1284 studia.
793 1219 819 1284 0
834 1220 959 1284 utinam
978 1217 1088 1282 Bruno
1106 1217 1118 1256 ²
1141 1214 1258 1283 saltem

86 1330 201 1388 noster
233 1324 420 1411 adjumento
453 1324 531 1390 mihi
563 1323 731 1390 assideret.
784 1323 877 1388 Nunc
910 1323 998 1390 solus
1032 1323 1256 1402 immurmum,

87 1451 149 1494 nec
179 1435 290 1494 tamen
321 1429 519 1514 negligenter
552 1426 708 1513 profecto.
755 1427 844 1509 Scio,
875 1428 918 1494 ad
942 1429 1020 1514 quid
1044 1451 1095 1495 me
1118 1429 1262 1513 obligent

85 1535 252 1600 antidora.
298 1535 460 1600 Oaeterum
489 1536 574 1599 inter
605 1534 772 1600 visendum
796 1533 899 1599 vicina
930 1534 1129 1600 monasteria
1151 1533 1258 1600 inveni

86 1639 305 1705 Bebenhusen
329 1641 561 1724 Hieronymum
584 1641 617 1704 in
641 1640 812 1723 epistolam
840 1639 883 1704 ad
908 1639 1085 1718 Romanos,
1109 1638 1257 1722 Origenis

88 1750 129 1809 15
155 1745 257 1810 libros
281 1747 323 1810 ad
347 1747 488 1830 quinque
511 1744 720 1827 redigentem.
768 1744 889 1810 Scribit
905 1744 991 1810 enim
1014 1745 1057 1810 ad
1072 1743 1261 1810 Heraclium

86 1852 148 1915 sic:
174 1850 276 1916 Addis
299 1856 409 1915 autem
432 1871 472 1914 ne
498 1849 577 1934 quid
600 1849 768 1914 laboribus
792 1850 871 1916 meis
895 1850 996 1931 desit,
1020 1855 1057 1915 ut
1081 1870 1174 1915 omne
1198 1848 1260 1914 hoc

87 1955 276 2039 quindecim
303 1956 501 2020 voluminum
537 1975 673 2039 corpus,
705 1955 793 2039 quod
823 1975 946 2038 graecus
980 1976 1085 2022 sermo
1113 1954 1157 2021 ad
1180 1975 1257 2042 qua·

88 2061 242 2144 draginta
257 2061 324 2126 lere
340 2068 398 2126 aut
414 2081 451 2125 eo
468 2060 605 2146 amplius
621 2061 710 2125 milia
725 2081 878 2126 versuum
893 2060 1056 2145 produxit,
1072 2059 1261 2126 abbreviem

89 2175 122 2233 et
150 2167 195 2231 ad
225 2167 345 2244 media,
370 2163 490 2230 silleri
512 2173 654 2251 postest,
683 2167 793 2250 spacia
815 2174 960 2232 coartem
983 2173 1043 2232 etc.
1078 2165 1259 2251 Aggredior

79 2267 194 2357 'igitur
216 2279 276 2338 etc.
300 2273 370 2337 Hoc
392 2272 456 2337 ille.
497 2272 587 2336 Folia
608 2272 707 2337 habet
730 2277 781 2337 84.
820 2272 938 2356 Reperi
962 2277 995 2337 et
1017 2271 1050 2335 in
1066 2271 1181 2336 eodem
1195 2290 1264 2336 mo·

92 2377 237 2443 nasterio
261 2377 302 2442 de
325 2384 410 2456 ortu,
435 2378 509 2456 vita,
534 2377 690 2458 doctrina,
713 2384 817 2442 morte
841 2399 879 2442 ac
907 2376 1072 2441 miraculis
1102 2396 1127 2441 s.
1149 2375 1264 2441 Hiero-

92 2484 181 2568 nymi
198 2489 352 2567 excerpta
376 2504 415 2548 ex
432 2483 686 2567 Hieronymiano
707 2483 841 2548 Joanuis
857 2482 994 2546 Andreae
1004 2481 1026 2561 ³,
1048 2480 1127 2546 item
1142 2479 1265 2545 bullam

92 2589 133 2656 de
165 2587 409 2654 confirmatione
440 2587 561 2653 ordinis
585 2610 610 2654 s.
634 2588 834 2672 Hieronymi,
858 2588 966 2652 omnia
987 2585 1089 2651 ferme
1112 2583 1264 2650 foliorum

93 2695 321 2780 quadraginta,
337 2694 415 2758 item
423 2695 590 2758 aureolam
606 2716 646 2759 ex
655 2693 855 2759 suavissimis
871 2690 1113 2775 salutiferisque
1129 2684 1263 2757 floribus

93 2821 117 2865 s.
147 2801 355 2885 Hieronymi,
383 2799 441 2865 ubi
479 2806 554 2864 sunt
582 2799 726 2864 collectae
755 2819 865 2864 omnes
900 2798 992 2864 bonae
1023 2797 1192 2864 sententie
1220 2817 1261 2863 ex

94 2905 187 2972 libris
212 2907 291 2989 ejus,
316 2910 349 2971 et
372 2910 447 2969 sunt
468 2904 546 2969 lolia
563 2910 614 2969 29.
656 2904 743 2969 Nihil
768 2925 880 2971 eorum
899 2904 999 2971 etiam
1011 2902 1159 2987 prestita
1183 2923 1262 2988 qua-

93 3032 237 3095 cumque
271 3010 420 3076 eautione
450 3009 666 3075 exhibebitur.
713 3009 747 3076 Si
778 3016 817 3075 tu
840 3029 915 3074 vero
941 3002 1094 3093 jusseris,
1122 3026 1265 3094 quaram

93 3137 325 3181 amanuensem
339 3115 491 3200 aliquem,
516 3116 572 3200 qui
594 3115 703 3199 precio
716 3120 849 3199 accepto
867 3113 1030 3180 exscribat
1046 3112 1264 3198 quodcunque

97 3223 231 3287 illorum
253 3222 350 3286 voles.
395 3223 439 3286 Et
462 3228 538 3287 sunt
560 3228 669 3286 tamen
693 3219 889 3304 ejuscemodi
911 3221 1087 3303 scriptores
1107 3238 1266 3304 perquam

92 3327 170 3392 rari.
225 3326 310 3404 Quid
344 3327 403 3393 tibi
434 3326 547 3392 sedeat
580 3326 705 3404 animo,
740 3325 835 3390 velim
858 3324 1031 3391 certiorem
1061 3345 1114 3390 ma
1152 3323 1262 3390 facias.

92 3432 246 3499 Feliciter
269 3433 348 3497 vale.
394 3433 443 3496 Ex
466 3430 653 3514 Stutgardia
677 3435 696 3494 8
720 3430 794 3494 idus
817 3429 937 3513 apriles
961 3448 1045 3494 anno
1072 3433 1169 3508 1511,

515 3522 516 3526 ¹
544 3535 593 3600 Jo.
619 3535 773 3600 Reuchlin
797 3533 990 3600 Phorcensis
1014 3533 1076 3599 LL.
1095 3531 1242 3615 doctor.¹

183 3657 942 3733 hus:Baslernniversitatsbibl.handscm.GH13⁸
956 3683 1019 3726 uro.
1038 3668 1079 3727 65
1091 3633 1263 3758 autograpb.

669 3787 687 3825 ²3

169 3888 180 3932 l
204 3884 256 3932 Des
275 3886 342 3931 amts
361 3879 401 3930 οΙ0
420 3875 846 3930 0010101001οο1001000101100.
903 3879 917 3926 2
938 3874 1038 3942 Bruno]
1057 3873 1124 3926 scbn
1142 3872 1268 3924 dubanus

93 3975 232 4022 00001506
252 3972 279 4020 in
299 3970 372 4020 Paris
392 3967 517 4033 magister
529 3965 669 4031 geworden
689 3965 742 4016 und
755 3965 828 4016 hatte
848 3963 905 4015 sich
924 3963 994 4015 noch
1012 3962 1054 4015 bis
1070 3959 1269 4013 11008ᾶο00110οῐ

93 4059 274 4126 snfgehalten,
294 4059 421 4108 0001508
441 4055 483 4105 bei
498 4053 660 4103 Franzislrus
673 4053 817 4104 Γ1100000100
836 4051 988 4120 griechisch
1007 4067 1039 4102 00
1058 4049 1157 4102 lernen.
1177 4048 1271 4102 Basler
1304 4073 1306 4077 >

94 4147 328 4199 1001100001001.
348 4143 437 4210 gesch.
460 4145 535 4203 1843,
555 4142 588 4190 11.
608 4157 630 4190 0.
653 4144 710 4193 118.
749 4142 846 4192 each.
867 4140 987 4202 Andres,
1012 4135 1120 4188 bischos
1134 4152 1159 4188 0.
1180 4135 1270 4189 Aleria

93 4236 120 4285 10
140 4235 347 4293 commanenti
367 4234 465 4283 selnem
491 4230 704 4282 familiennamen
723 4230 803 4280 Bussi
827 4229 891 4281 oder
910 4228 1001 4290 Bessi,
1024 4226 1070 4276 der
1093 4225 1129 4274 im
1149 4226 1269 4293 anstrage

94 4323 140 4374 des
152 4332 260 4391 papates
274 4322 342 4372 Paul
360 4322 386 4372 11
404 4337 430 4372 n.
449 4335 472 4371 0.
493 4320 535 4370 die
547 4320 631 4373 briese
649 4317 696 4369 des
713 4318 892 4385 Hieronymus
909 4313 1074 4380 berausgibt.
1111 4313 1172 4380 Vgl.
1188 4313 1269 4366 Erech

95 4424 121 4464 0.
140 4411 253 4476 Grnber,
271 4408 465 4479 encyklopltdie
484 4407 503 4473 l,
524 4412 547 4472 4,
567 4425 587 4459 s.
609 4411 652 4460 31.

1012 4474 1060 4538 9*
