2716 4898
649 273 713 338 100

93 470 287 536 sacramenti
304 466 468 550 voluptate
480 462 679 548 jucundius?
704 463 760 547 qui
782 463 855 546 cibi,
879 487 962 550 quae
979 465 1080 532 mella
1097 469 1175 531 sunt
1197 464 1259 532 dnl-

95 576 206 641 ciora?
229 594 325 658 quam
351 571 410 636 Dei
433 569 516 634 scire
539 567 747 652 prudentiam
772 571 861 635 etin
884 570 999 636 abdita
1023 570 1094 638 eius
1109 570 1256 636 intrare.“

93 681 187 747 Unde
210 679 293 745 Rabi
317 677 460 762 Moyses,
493 672 578 738 filius
602 672 770 738 Neheman
793 674 1014 743 Gerundensis
1041 679 1053 716 ¹
1074 676 1109 741 in
1133 675 1261 743 exordio

94 784 405 852 Commentariorum
431 779 612 859 Geneseos,
642 779 737 863 longo
767 803 916 848 sermone
947 782 1090 867 probare
1120 787 1262 863 conatur,

94 890 297 956 Salomonem
325 909 435 972 regem
469 907 580 952 omnes
610 886 788 970 sapientiae
821 908 900 954 suae
931 887 1085 968 influxus,
1115 886 1158 952 de
1189 887 1264 952 Peu-

93 996 238 1062 tateuchi
271 995 376 1059 literis
408 993 564 1057 hausisse.
619 991 688 1070 Quo
717 992 849 1058 tandem
880 993 994 1061 modus
1028 1015 1103 1078 ego,
1133 992 1263 1076 Dionysi

94 1101 309 1179 amatissime,
349 1104 525 1183 postquam
553 1097 596 1161 ad
628 1097 869 1181 percipiendam
901 1120 1093 1183 graecorum
1124 1098 1264 1182 linguam

94 1206 187 1273 annis
220 1203 441 1289 superioribus
471 1209 504 1267 te
532 1224 668 1286 puerum
696 1203 850 1287 adjuncto
879 1204 1070 1289 paedagogo
1095 1202 1108 1242 ²
1138 1204 1265 1270 Floren-

95 1311 175 1376 tiam
207 1310 291 1374 hanc
326 1309 521 1392 optimarum
556 1308 724 1372 literarum
757 1309 923 1390 altricem,
953 1331 1015 1375 non
1048 1310 1118 1375 sine
1152 1330 1265 1394 magno

95 1415 257 1499 impendio
281 1421 373 1480 trans
394 1413 491 1497 Alpes
515 1413 665 1478 eSuevia
688 1414 777 1493 misi,
801 1421 963 1499 quatenus
978 1415 1147 1481 biennium
1171 1435 1266 1499 penes

96 1522 224 1606 egregia
247 1521 421 1585 sanctitate
444 1520 557 1599 virum,
580 1519 671 1585 illum
687 1517 862 1603 Georgium
886 1520 1093 1605 Vespucium‚
1117 1520 1266 1587 assiduus

94 1647 226 1692 mensae
250 1648 328 1691 suae
352 1646 389 1691 ac
414 1625 546 1709 hospitii
570 1625 694 1703 socius,
726 1625 883 1709 Angelum
908 1626 1124 1707 Politianum‚
1157 1626 1268 1691 Marsi-

94 1732 173 1797 lium
196 1732 354 1819 Firmum,
386 1737 420 1795 et
443 1731 643 1794 Demetrium
669 1729 922 1815 Chalcondylen,
952 1737 1146 1817 ceterosque
1170 1731 1268 1817 philo

36 1839 38 1843 ‘
96 1837 305 1921 sophissimos
328 1835 473 1900 homines
489 1834 634 1917 quotidie
659 1834 808 1915 audires,
832 1837 920 1902 nolui
937 1838 1036 1902 etiam
1059 1837 1136 1903 huic
1161 1836 1268 1903 decori

95 1948 153 2007 tuo
177 1942 289 2006 deesse
314 1941 392 2024 quin
416 1938 579 2018 hebraica,
603 1961 687 2004 nunc
712 1940 875 2022 sacerdos,
899 1942 1098 2020 addisceres,
1123 1964 1270 2027 praeser-

97 2047 156 2111 tim
191 2067 264 2111 cum
298 2051 462 2110 nostrates
491 2044 610 2109 iudaei
646 2045 696 2110 vel
730 2045 868 2126 invidia,
902 2045 953 2111 vel
983 2047 1151 2130 imperitia
1184 2047 1270 2113 ducti

97 2151 317 2217 Christianum
347 2150 505 2214 neminem
534 2152 567 2214 iu
601 2172 710 2216 eorum
741 2150 851 2235 hngua
879 2151 1008 2218 erudire
1039 2151 1144 2218 velint
1173 2153 1269 2237 idque

96 2263 249 2322 recusant
285 2255 454 2340 cujusdam
487 2255 568 2322 Rabi
604 2257 676 2320 Ami
710 2257 922 2337 auctoritate,
959 2257 1015 2342 qui
1047 2257 1082 2322 in
1114 2257 1273 2323 Thalmud

99 2375 200 2422 rra-:rr
222 2374 326 2422 nunu:
350 2363 398 2427 ita
421 2361 514 2426 dixit.
554 2361 626 2427 Non
650 2362 867 2446 explanantur
889 2362 990 2428 verba
1013 2362 1094 2447 legis
1118 2362 1270 2448 cuiquam

81 2467 208 2552 'gentili
231 2490 269 2533 eo
293 2468 381 2554 quod
404 2468 563 2553 scriptum
587 2474 650 2533 est:
676 2468 737 2546 Qui
760 2467 936 2534 adnunciat
959 2468 1057 2533 verba
1081 2488 1144 2534 sua
1160 2467 1271 2548 Jacob,

97 2579 274 2658 praecepta
300 2596 360 2639 sua
389 2579 422 2638 et
442 2572 569 2657 judicia
594 2595 652 2638 sua
677 2573 778 2638 Israel
801 2594 865 2639 non
889 2573 967 2639 fecit
1000 2572 1152 2640 similiter
1188 2573 1270 2639 omni

96 2681 192 2764 genti.
231 2679 331 2745 Nobis
348 2685 460 2744 autem
483 2679 620 2744 instato
639 2680 764 2762 gratiae
788 2679 883 2744 aliter
899 2677 1075 2744 mandatur
1092 2679 1241 2745 Matthaei
1260 2678 1272 2718 ⁸

97 2784 237 2850 decimo:
265 2784 358 2863 Quod
381 2785 414 2850 in
437 2805 551 2850 aurem
574 2783 710 2863 auditis,
733 2783 910 2868 praedicate
935 2790 1163 2870 supertecta,
1187 2785 1270 2870 quod

98 2897 133 2955 et
163 2912 221 2973 ego
249 2889 333 2955 facio
361 2895 459 2973 teque
483 2890 606 2984 imitari
631 2889 755 2974 jubebo
779 2896 812 2955 et
835 2911 894 2974 pro
917 2889 979 2956 hoo
1003 2911 1079 2975 ergo
1113 2897 1271 2958 memento

97 2996 161 3059 mei
177 2995 278 3075 Deus,
303 3001 336 3060 et
351 3016 450 3078 parce
474 2996 552 3060 mihi
568 2994 745 3061 secundum
768 2994 1010 3061 multitudinem
1025 2996 1270 3064 miserationum

98 3106 240 3166 tuarum.
288 3102 399 3166 Amen.

339 3224 440 3309 Exegi
464 3229 705 3290 monumentum
730 3244 806 3290 aere
826 3221 831 3310 Ι
852 3223 1026 3307 perennius

461 3330 587 3405 Nouis!
610 3329 737 3396 Martiis
761 3327 879 3416 Auuol

587 3435 715 3501 111111.
737 3439 741 3516 l
762 3435 776 3474 ⁴

685 3602 704 3638 11

175 3702 184 3747 1
207 3696 259 3747 Der
280 3703 354 3747 unter
373 3696 419 3747 dor
438 3696 594 3762 shhtlrzung
614 3697 766 3758 „Ramban“
790 3694 923 3746 bekannte
949 3695 1075 3747 1111111111.
1150 3701 1165 3747 2
1186 3695 1267 3764 parla-

99 3784 181 3854 gogo]
203 3785 308 3835 Johann
330 3786 433 3848 streler,
454 3784 507 3849 vgl.
527 3784 620 3835 desscn
641 3784 723 3834 brieio
747 3786 811 3834 1491
834 3784 902 3835 oben
922 3800 976 3834 nro.
990 3783 1080 3834 XXXI
1100 3800 1125 3836 u.
1147 3784 1268 3835 xxxru.

101 3874 227 3926 3Μ11111.
254 3890 275 3924 1.
297 3874 321 3922 X
342 3890 364 3923 v.
385 3877 426 3922 27.
453 3868 525 3922 11111
550 3870 580 3930 εἰς
600 3869 627 3922 rh
652 3865 693 3930 οὖς
713 3870 823 3935 ἀκούετε,
851 3868 969 3940 κηρύξατε
995 3868 1033 3921 ἐπὶ
1061 3873 1110 3922 τῶν
1138 3868 1266 3940 δωμάτων.

99 3966 116 4013 4
136 3965 242 4014 Diesern
261 3962 338 4014 sttich
358 3961 426 4027 tolgt
445 3961 487 4010 ein
507 3959 647 4011 schreibsn
668 3960 713 4011 dos
733 3962 821 4026 Gcorg
840 3959 936 4010 Simler
963 3975 996 4010 sn
1014 3959 1064 4010 den
1085 3959 1268 4011 buchdruelser

99 4052 226 4103 Anshelm
247 4051 290 4115 (11
313 4050 387 4099 Mara
414 4049 500 4116 1506),
522 4048 550 4099 in
574 4048 699 4100 walchem
723 4054 834 4099 ersterer
857 4046 1003 4099 Reuchlins
1029 4048 1102 4099 werk
1125 4048 1189 4100 sehr
1215 4045 1268 4099 lobt

97 4139 151 4191 und
170 4137 304 4201 mittheilt,
322 4137 383 4187 dass
403 4135 487 4186 dieser
507 4134 552 4186 ihu
572 4136 619 4186 mit
638 4136 682 4187 der
701 4151 779 4204 sorge
798 4135 840 4185 1111
860 4134 910 4186 den
930 4135 1014 4187 druch
1033 4135 1080 4186 des
1099 4135 1202 4189 bucher
1218 4135 1267 4185 dis·

99 4227 194 4277 cedens
214 4226 388 4293 delegaveris
414 4222 551 4274 discedens
576 4240 626 4274 von
647 4226 731 4276 ciuem
752 4222 868 4276 hesuche
889 4224 915 4273 in
928 4223 1086 4288 Pfornheim,
1106 4223 1185 4288 deun,
1203 4221 1265 4275 uach

98 4314 274 4366 Curnerarius:
295 4314 327 4364 de
347 4314 401 4362 vita
419 4311 537 4378 Phliippi
558 4313 770 4364 Melanchthonis
790 4314 906 4363 narratio
927 4311 978 4375 (ed.
999 4311 1105 4364 Strobel
1124 4328 1145 4365 1.
1165 4315 1192 4382 9)
1210 4326 1264 4363 cro·

101 4401 191 4454 nicbot
209 4418 291 4469 sape,
309 4410 338 4452 ut
356 4400 519 4452 Rouchlinus
538 4401 649 4468 patriam
669 4405 695 4451 11
713 4415 775 4453 suos
795 4401 901 4452 viseret.
