2716 4898
572 293 669 359 *95

58 481 242 565 coronario,
266 485 325 551 sed
348 483 388 551 de
411 483 541 564 cloacis,
564 482 747 567 paludibus,
771 483 868 569 ligno,
892 484 1018 566 itinere,
1041 485 1152 551 aliisve
1175 505 1233 570 po-

58 589 232 675 pularibus
265 591 396 677 jurgiis,
427 596 496 656 tam
526 589 705 674 praetoriis,
743 611 840 673 quam
869 590 1016 656 civilibus
1051 591 1232 671 consulunt,

59 695 180 779 quibus
203 696 337 780 dejure
359 716 419 780 pro
443 716 516 761 mea
537 695 738 779 professione
762 696 959 778 respondere
991 695 1142 775 debeam,
1167 717 1232 760 non

58 801 265 880 Latinorum,
298 801 356 866 sed
380 801 556 866 Suevorum
588 800 758 866 observato
788 801 916 867 dicendi
947 824 1008 867 usu
1037 802 1117 866 nihil
1144 801 1232 867 ultra

58 907 204 985 miseris,
228 907 272 972 mi
295 907 406 987 frater,
428 927 481 971 me
504 910 579 990 post
602 906 737 971 virentia
760 913 857 989 prata
879 907 944 971 iam
969 907 1102 973 scabros
1133 906 1232 972 calles

60 1011 241 1077 ambulare.
280 1013 324 1077 Et
345 1012 427 1077 haec
450 1018 523 1077 erat
545 1033 611 1077 una
635 1034 675 1077 ex
698 1014 805 1078 causis
828 1034 891 1077 non
906 1014 998 1096 parvi
1013 1013 1175 1091 momenti,
1195 1019 1234 1077 ut

59 1124 224 1202 putarem,
248 1139 321 1184 mea
341 1116 468 1202 singula
484 1117 561 1182 viris
576 1118 781 1200 politioribus
804 1117 908 1184 literis
931 1119 1076 1202 praeditis
1100 1117 1233 1202 explosa

59 1223 149 1303 fore,
174 1223 262 1307 quod
285 1228 456 1289 cernerent
478 1223 574 1288 ineis
596 1223 720 1289 nullum
743 1223 868 1304 florem,
899 1224 1021 1289 nullam
1045 1225 1232 1289 comitatem

61 1330 121 1395 sed
146 1326 255 1394 omnia
277 1329 419 1395 trivialia
443 1334 477 1395 et
506 1328 666 1394 inurbane
690 1350 834 1414 quaeque.
882 1330 1018 1408 Quando
1048 1335 1158 1395 autem
1182 1350 1234 1395 ve·

60 1441 136 1500 tera
160 1434 317 1500 memoria
339 1445 465 1518 repeto,
497 1435 635 1500 multum
663 1436 792 1501 invenio
812 1436 952 1520 majores
975 1443 1104 1503 nostros
1135 1437 1234 1502 etiam

60 1539 236 1606 barbarico
281 1540 410 1606 dicendi
440 1540 537 1606 modo
573 1541 762 1607 delectatos.
816 1541 1050 1625 Aristophanes
1094 1562 1234 1625 namque

61 1645 197 1711 Graecus
218 1647 251 1710 iu
268 1647 434 1727 comoedia,
459 1668 531 1730 quae
554 1646 742 1712 inscribitur
758 1646 924 1712 Acharnes
947 1648 1075 1713 Persice
1091 1647 1235 1730 loquitur

60 1752 125 1817 sic:
167 1752 359 1817 Jactarman
383 1773 526 1818 exarxan
552 1753 795 1836 apissonosatra
811 1751 836 1838 ¹)
862 1774 932 1837 quae
956 1752 1126 1818 barbaries
1149 1772 1234 1835 saepe

60 1857 174 1923 multis
198 1858 317 1942 gaudio
341 1858 404 1924 fuit
427 1864 461 1924 et
476 1858 579 1924 risum
602 1860 710 1924 movit.
759 1859 857 1943 Apud
878 1859 1039 1924 Romanos
1063 1879 1139 1923 vero
1163 1857 1235 1941 quis

59 1985 217 2048 umquam
233 1965 275 2029 M.
292 1963 450 2029 Catonem
467 1965 611 2049 priscum
627 1966 830 2049 contempsit,
854 1964 940 2048 quod
961 1966 993 2029 in
1016 1965 1082 2030 suis
1106 1965 1235 2048 scriptis

61 2070 103 2136 de
132 2092 167 2136 re
189 2070 314 2136 rustica
334 2070 505 2136 barbarice
528 2070 673 2155 loquitur
695 2069 756 2134 boc
779 2070 894 2136 modo:
924 2069 1024 2150 Haut,
1044 2069 1133 2150 haut,
1155 2070 1236 2135 haut

61 2177 129 2243 ista
153 2172 241 2261 pista'
264 2177 355 2257 sista,
378 2177 593 2242 ardanuabon
614 2175 764 2242 damiabo
788 2173 1026 2262 damaustra2).
1072 2175 1149 2254 Quis
1169 2195 1236 2258 poe·
1264 2172 1267 2180 ’

62 2282 182 2350 nulum
198 2282 314 2348 Plaudi
328 2289 463 2368 propter
479 2282 622 2367 linguam
637 2282 792 2348 Punicam
809 2282 950 2347 abiecit?

47 2463 51 2472 ¹
113 2447 115 2450 Α
153 2388 354 2455 Consolabor
376 2394 410 2454 et
432 2410 490 2472 ego
514 2410 566 2454 me
588 2409 716 2473 quoque
732 2388 861 2453 illorum
883 2387 1039 2472 exemplo,
1055 2392 1093 2451 ut
1108 2406 1236 2471 sperem

60 2494 224 2575 invenire,
253 2515 333 2579 quos
356 2494 529 2561 admiratio
556 2495 655 2560 ducat
683 2494 726 2560 ad
749 2493 888 2559 inauditi
917 2493 1009 2577 prius
1031 2492 1153 2576 negotii
1172 2492 1237 2557 lec-

61 2601 196 2667 tionem.
242 2599 315 2666 Hoc
329 2622 428 2666 unum
444 2606 556 2666 tamen
573 2622 645 2667 esse
660 2603 804 2666 futurum
817 2599 970 2678 arbitror,
993 2619 1034 2662 ne
1056 2598 1138 2662 desit
1152 2597 1236 2681 Aga·

60 2706 225 2772 memnoni
244 2727 321 2771 suus
342 2706 485 2772 Tersites
505 2708 647 2773 Homero
669 2706 786 2786 Zoilus,
811 2705 966 2790 Nephelae
990 2704 1126 2784 Socrati,
1149 2701 1237 2787 quod

61 2813 159 2877 etiam
184 2816 298 2877 contra
318 2833 369 2877 me
390 2833 518 2897 quoque
540 2813 701 2896 prodeant
722 2811 897 2895 aliquando
913 2809 1089 2895 phematici
1105 2809 1237 2894 quidam

61 2939 273 2997 susurrones,
292 2939 372 3002 quos
405 2939 481 2983 cum
504 2919 574 3003 jam
613 2918 867 3002 apprehenderit
896 2917 1047 2983 studendi
1078 2922 1171 2993 vetus
1199 2937 1237 2981 ac

62 3025 158 3108 longa
174 3023 341 3105 segnioies,
358 3022 529 3106 gloriosius
549 3024 612 3091 sibi
629 3024 750 3090 ducant
767 3022 1124 3108 multareprehendere
1141 3043 1238 3107 quam

63 3151 171 3215 pauca
203 3129 344 3204 discere3
382 3135 552 3212 sperantes
598 3128 762 3195 hominum
795 3129 1013 3195 studiosorum
1051 3134 1238 3212 contemptu

63 3244 163 3322 atque
181 3234 386 3300 contumeliis
408 3235 478 3300 fore
495 3235 652 3301 illustres.
700 3236 818 3302 Dicent
841 3237 925 3302 enim
948 3258 1011 3300 non
1027 3256 1078 3300 me
1094 3235 1238 3318 potuisse

63 3341 95 3407 iu
111 3342 269 3407 senilibus
286 3340 378 3406 aunis
395 3339 519 3424 absque
535 3346 739 3424 praeceptore
757 3344 855 3407 etiam
872 3343 1097 3427 qualicumque
1120 3343 1239 3406 conatu

65 3447 107 3512 ad
136 3452 267 3512 tantum
295 3445 456 3511 hebraicae
487 3447 637 3512 lectionis
662 3446 827 3531 fastigium
856 3447 1042 3524 ascendere,
1068 3449 1105 3509 ut
1129 3444 1239 3508 studia

66 3573 137 3618 mea
155 3553 274 3617 ceteris
289 3553 423 3636 prosint,
445 3552 563 3637 quibus
586 3553 698 3618 statim
715 3553 878 3636 Originem
903 3551 1061 3636 objiciam,
1078 3554 1239 3616 sanctum-

67 3682 127 3745 que
145 3659 379 3742 Hieronymum
402 3664 436 3724 et
450 3658 542 3723 illum
568 3659 608 3725 de
624 3659 708 3743 Lyra
730 3658 900 3724 Nicolaum
914 3657 942 3721 3:
968 3657 1023 3742 qui
1048 3678 1158 3723 omnes
1184 3678 1240 3742 ap·

67 3766 308 3851 propinquante
339 3765 427 3830 senio
465 3765 605 3848 primum
645 3764 807 3830 hebraicis
850 3763 1013 3830 studuisse
1048 3764 1238 3849 probantur.

67 3872 148 3950 Quin
178 3872 289 3955 potius
313 3891 406 3936 nemo
431 3870 533 3937 ferme
566 3871 710 3937 omnium
741 3881 814 3954 post
837 3870 1002 3954 apostolos
1028 3870 1241 3936 orthodoxam

68 3978 237 4045 ecclesiam
253 3976 416 4042 hebraicis
431 3977 535 4042 literis
550 3977 737 4057 illustravit,
759 3977 814 4061 qui
836 3997 900 4042 non
924 3998 980 4043 eas
996 3977 1030 4041 in
1051 3981 1147 4042 aetate
1167 3995 1241 4059 pro·

644 4133 661 4176 tl

139 4249 151 4296 1
173 4245 290 4297 Acharn.
310 4259 335 4296 v.
357 4247 406 4295 100
426 4241 465 4294 ed.
485 4240 621 4305 Mainake,
648 4243 732 4310 Lng.
754 4245 830 4307 1860,
855 4243 902 4294 der
920 4243 993 4293 liest:
1019 4236 1137 4310 ἰαρταμὰν
1164 4233 1239 4309 ἔξαρξ’

70 4327 227 4386 ἆναπίσσοναι
247 4329 334 4401 σάτρα.
409 4337 423 4382 2
445 4331 509 4400 Cap.
532 4330 602 4382 CLX
623 4329 664 4383 ed.
683 4333 806 4396 (resonet,
826 4331 978 4381 Manuheim
1000 4331 1074 4380 1181.
1148 4327 1240 4396 3ng

70 4423 196 4491 Sieglricd
215 4423 244 4472 in
265 4419 341 4474 Marx
359 4420 451 4472 archiv
470 4435 518 4470 aur
538 4419 713 4487 erlorschung
732 4420 863 4472 desultor
881 4422 1033 4472 testamenta
1052 4416 1096 4471 bd.
1109 4419 1130 4472 1.
