2716 4898
621 279 663 344 93

57 466 272 550 vocabularii,
296 466 429 536 tertium
451 468 491 536 de
507 474 579 536 arte
603 469 814 554 grammatica
836 477 870 537 et
892 470 961 556 ejus
984 470 1225 540 exercitatione.

58 575 235 660 Inscriptio
258 574 354 659 hujus
387 574 463 641 libri
486 581 553 640 est:
590 575 630 641 de
653 575 846 642 rudimentis
868 576 1047 658 hebraicis,
1077 600 1114 644 eo
1138 577 1226 664 quod

57 704 124 749 non
143 683 213 767 jam
236 680 351 761 doctis,
374 681 431 746 sed
454 680 591 746 rudibus
614 701 653 744 ac
677 680 864 749 erudiendis
888 705 927 748 ea
955 684 1119 750 volumina
1142 706 1227 750 com·

57 788 247 875 posuerim,
282 783 433 871 dein'ceps
457 785 576 851 altiora
599 785 659 851 deo
691 793 853 853 annuente
885 788 1038 868 daturus,
1067 809 1151 872 quae
1184 786 1227 854 ad

57 914 201 959 arcanae
224 891 430 977 Pythagorae
453 889 657 975 disciplinam
681 898 714 957 et
736 898 841 958 artem
865 893 1095 960 Cabalisticam
1119 894 1227 960 deser·

55 1000 203 1079 viunt,a
233 997 359 1063 nemine
388 1016 523 1080 prorsus
551 995 733 1078 intellecta,
769 998 831 1062 nisi
861 998 1022 1065 Hebraice
1052 998 1225 1084 praedocto.

57 1104 161 1169 Recte
199 1125 276 1170 vero
305 1101 503 1186 speraverim
533 1099 696 1185 quoslibet
727 1103 890 1187 religionis
922 1104 1126 1171 Christianae
1158 1110 1227 1170 stu·

44 1196 178 1274 ‘diosos'
192 1230 256 1274 non
279 1214 347 1273 tam
370 1206 511 1272 libenter
533 1227 553 1271 a
576 1206 712 1273 Judaeis
735 1230 833 1294 quam
857 1209 915 1275 abs
938 1215 971 1275 te
995 1211 1165 1277 sacerdote
1192 1216 1227 1276 et

56 1335 78 1380 a
101 1315 307 1397 memetipso,
339 1328 536 1398 quamquam
568 1312 682 1378 uxorio
708 1315 728 1394 ¹,
756 1315 820 1381 ista
845 1316 1008 1400 suscipere
1032 1315 1229 1382 Rudimenta

55 1418 233 1500 Hebraica,
257 1418 376 1504 quippe
399 1417 548 1502 utrisque
565 1418 759 1486 Christianis
776 1427 864 1485 etex
885 1421 1078 1504 parentibus
1095 1419 1230 1486 Christi·

55 1525 130 1591 anis
153 1524 291 1609 Georgio
315 1529 349 1590 et
370 1522 478 1589 Elissa
493 1521 686 1590 Phorcensis
702 1526 867 1610 municipii
883 1525 1005 1591 civibus
1021 1525 1188 1609 prognatis
1206 1523 1230 1588 ².

56 1630 185 1697 Hortor
207 1652 283 1715 ergo
307 1636 357 1710 te,
390 1627 435 1693 mi
464 1626 610 1712 Dionysi,
644 1636 684 1695 ut
715 1631 759 1696 ad
788 1631 919 1698 laudem
948 1638 981 1697 et
1007 1630 1143 1713 gloriam
1167 1628 1228 1695 Dei

56 1736 175 1822 optimi
197 1736 337 1818 maximi,
360 1740 460 1820 atque
477 1731 654 1799 utilitatem
670 1756 783 1802 sacrae
800 1737 991 1821 scripturae,
1017 1734 1113 1801 simul
1130 1734 1229 1799 etiam

54 1842 99 1908 ad
130 1842 404 1926 praeparationem
437 1839 754 1906 abstrusissimarum
777 1844 896 1909 artium
920 1848 953 1909 et
984 1840 1230 1926 antiquissimae

55 1947 242 2031 priscorum
269 1945 492 2032 philosophiae
521 1943 608 2009 bunc
638 1945 757 2013 librum
789 1948 936 2033 pluribus
967 1947 1108 2028 idoneis,
1138 1945 1232 2011 indu·
1263 1995 1267 2003 .

57 2053 217 2139 atriisque
250 2051 436 2119 hominibus
469 2049 682 2134 impertiaris,
722 2060 883 2137 quatenus
921 2054 1078 2119 auxiliare
1115 2072 1231 2117 nomen

60 2157 115 2223 dei
139 2157 257 2224 summi
281 2158 452 2243 conspicue
476 2161 680 2239 agnoscatur,
704 2158 878 2242 diligenter
900 2165 1029 2225 ametur
1053 2164 1086 2224 et
1109 2157 1232 2223 ferven-

61 2263 188 2329 tissime
212 2262 380 2343 landetur,
405 2260 493 2348 quod
517 2266 567 2326 est
590 2261 796 2328 benedictum
819 2265 852 2329 in
876 2264 995 2331 saecula
1016 2264 1037 2329 ⁸.
1082 2264 1176 2330 Nunc
1198 2262 1232 2328 in

66 2368 157 2435 calce
187 2367 388 2453 praelationis
417 2367 479 2433 hoo
510 2385 611 2431 unum
633 2367 840 2436 admonuisse
864 2377 897 2436 te
926 2371 1037 2449 velim,
1070 2368 1157 2454 quod
1179 2367 1233 2434 bic

65 2474 152 2541 liber
183 2474 343 2540 contraris
367 2472 491 2540 Latinis
521 2493 612 2539 more
643 2471 799 2558 legendus
830 2481 895 2557 est,
919 2477 976 2560 qui
1000 2475 1085 2541 enim
1107 2474 1232 2559 primus

68 2584 209 2666 putatur
224 2578 408 2666 quintaruio
430 2579 459 2645 is
482 2577 615 2645 ultimus
638 2585 753 2646 exstat.
800 2581 1112 2648 Transversandus4
1133 2579 1234 2665 igitur

640 2722 657 2762 ²1¹

133 2821 146 2867 1
167 2813 286 2882 uxorius]
302 2831 323 2866 s.
343 2831 366 2865 0.
387 2817 419 2864 17
438 2813 504 2864 Juni
525 2815 591 2864 1512
610 2831 667 2866 nro.
683 2813 816 2866 LXXXV.
883 2821 897 2866 2
918 2816 968 2867 Die
987 2817 1070 2867 eltern
1090 2814 1234 2868 Reucblina

60 2904 173 2957 etanden
192 2905 229 2955 im
253 2903 355 2953 dienato
379 2902 426 2952 der
443 2901 625 2953 dominihaner
643 2903 669 2953 iu
688 2902 853 2970 Plorzbcim,
880 2905 934 2972 vgl.
954 2906 1039 2957 meino
1057 2905 1120 2957 Mel.
1140 2905 1234 2957 Oratio

61 3009 81 3044 ι.
102 2995 135 3045 67
154 3009 192 3059 sq.
227 2991 281 3042 Der
298 2997 394 3042 mutter
412 2989 552 3041 errichtete
571 2991 699 3042 Reuoblin
719 2993 795 3043 einen
815 2993 951 3059 grabatein
969 2993 1017 3044 mit
1036 2995 1082 3045 der
1098 2995 1235 3050 insobrilt:

62 3080 205 3133 ELISSAE.
229 3079 374 3150 ER-llNAE.
400 3077 573 3148 euos-tau.
591 3079 800 3151 Ravana-,hrt
820 3080 935 3132 VXORI.
954 3081 1051 3152 1οΗ.1
1073 3083 1235 3148 OAPNION,

59 3169 206 3240 11111118.
226 3168 347 3218 MATRI.
363 3165 637 3238 1ΡΙΕ11Τ1851Μ1111
657 3169 793 3220 POSVIT.
813 3170 900 3236 Majus
917 3186 938 3225 s.
954 3175 1012 3222 140.
1067 3172 1197 3222 31111111
1213 3177 1235 3223 1.

59 3253 343 3324 4Transvcrsandns]
368 3255 494 3308 Dieselbe
518 3256 653 3324 mahuung
677 3258 777 3325 sprlcht
799 3275 841 3310 am
864 3260 969 3312 schluss
992 3260 1038 3313 des
1063 3260 1164 3313 bucher
1186 3259 1236 3312 rol-

61 3347 162 3413 gender
181 3347 291 3399 Canon:

279 3433 338 3484 Non
356 3438 396 3484 est
413 3433 482 3483 liber
499 3431 627 3499 legendus
646 3433 690 3483 bic
708 3449 756 3484 ceu
776 3437 856 3486 ceteri

281 3521 388 3573 Faciem
407 3521 515 3572 sinistra
533 3520 641 3572 dextera
659 3521 764 3572 dorsum
781 3529 840 3573 tene

282 3609 316 3662 Et
334 3610 366 3661 de
384 3611 492 3661 sinistra
509 3609 620 3676 paginas
638 3609 672 3661 ad
691 3610 825 3661 dexteram

284 3698 460 3765 Quaecumque
478 3704 559 3761 verte,
578 3713 646 3762 quae
664 3698 749 3749 latina
766 3699 866 3751 videris

283 3786 379 3851 Legito
399 3786 492 3851 latine,
512 3785 627 3837 Hebraea
644 3787 667 3837 si
686 3787 739 3837 sint
757 3788 836 3840 insita

279 3873 302 3922 A
321 3874 428 3925 dextera
446 3874 559 3940 legenda
581 3881 643 3925 sunt
661 3875 848 3927 sinistrorsum.

64 3958 212 4012 Sonderbar
235 3975 325 4027 geung
349 3961 395 4013 hat
415 3961 535 4013 Miiuster
559 3962 587 4011 in
610 3962 656 4012 der
681 3965 792 4014 aweiten
816 3965 931 4031 audaga,
957 3963 999 4017 die
1023 3983 1051 4019 er
1069 3983 1120 4018 ron
1138 3965 1237 4018 diesem

64 4047 148 4098 werke
167 4049 371 4113 veranstaltete,
397 4050 440 4100 die
459 4051 523 4101 aber
540 4052 592 4101 wie
606 4050 682 4115 jedes
701 4052 798 4102 andere
816 4053 885 4104 buch
904 4071 956 4106 von
975 4055 1047 4105 linhs
1064 4054 1133 4105 nach
1150 4053 1240 4105 rechta

65 4135 139 4201 geht,
167 4134 261 4186 diesen
286 4154 383 4204 passus
412 4138 566 4190 abdrnoken
591 4139 689 4191 lassen.
725 4128 842 4192 thlich
865 4150 926 4208 sagt
950 4141 1067 4194 «Ioannes
1086 4143 1240 4194 Pinicianur

67 4223 116 4288 (am
135 4223 203 4274 ende
224 4226 251 4274 in
271 4224 318 4276 der
335 4234 415 4277 unten
437 4231 448 4276 1
468 4226 534 4277 Juni
555 4229 622 4277 1514
641 4229 817 4294 angeliihrten
836 4229 930 4281 schrift
947 4230 1175 4298 Bdscbensteins):

277 4313 334 4363 Hic
352 4314 445 4382 lingna
463 4314 562 4382 triplici
580 4316 692 4382 loquens
710 4316 821 4369 libellus

280 4399 340 4455 Nou
358 4409 398 4456 oet
416 4409 445 4454 nt
463 4402 558 4471 reliqui
576 4403 639 4456 libri
656 4403 796 4472 legendus,
