2716 4898
622 278 664 344 et

55 464 334 548 amantissimum,
364 466 427 533 nisi
454 466 528 550 plus
557 488 597 533 ex
629 489 668 535 eo
692 470 800 534 Romae
829 467 1003 537 latinitatis
1027 492 1124 556 quam
1154 493 1233 558 grte-

56 570 170 636 citatis
200 571 398 652 hausissem,
436 573 484 638 ita
515 571 702 639 hebraicam
740 595 798 658 ego
833 596 970 659 ⁴¹quoque
1007 597 1047 642 ac
1085 582 1231 644 sanctam

56 675 203 761 linguam
225 698 290 743 non
313 677 555 762 Hierosolymis,
578 700 685 763 neque
708 679 740 743 in
764 679 902 763 publicis
925 679 1113 747 Jndaeorum
1137 704 1230 767 syna-

15 843 18 848 .
57 782 160 864 gegis,
183 781 240 848 sed
263 803 285 848 a
306 783 538 850 literatissimis
553 784 701 852 Hebraeis
724 805 806 868 pene
830 785 935 850 oecios
958 784 1090 869 quidem
1106 787 1232 856 Jacobo

58 886 168 953 Jehiel
189 887 307 969 Loans,
336 888 370 954 in
393 889 488 955 Latio
521 895 631 955 autem
659 889 766 954 Abdia
794 889 945 955 Casinate
976 895 1076 975 atque
1105 891 1231 960 aliasa

59 991 197 1076 siugulis
221 992 348 1076 singula
370 995 557 1078 expiscatus
580 1015 661 1060 sum.

152 1097 196 1163 lt
217 1097 347 1181 gravius
375 1098 552 1183 insurgent,
583 1099 690 1178 credo,
721 1098 820 1164 invidi
850 1104 965 1165 contra
994 1101 1230 1168 Dictionarium

58 1208 208 1268 nostrum
224 1205 258 1268 in
274 1225 338 1288 quo
354 1203 529 1270 multorum
553 1204 742 1289 frequenter
763 1203 1052 1288 interpretationes
1075 1212 1231 1273 taxantur

59 1308 168 1388 „Proh
192 1308 297 1374 scelus
321 1308 564 1389 exclamabunt,
593 1309 673 1374 nibil
704 1309 865 1393 indignius
900 1315 1029 1394 patrum
1064 1313 1230 1393 memoria,

58 1412 142 1479 nihil
165 1412 341 1480 admissum
367 1414 540 1493 crudelius,
565 1436 637 1480 cum
660 1414 714 1480 ille
743 1415 838 1481 homo
862 1416 1096 1482 audacissimus
1125 1423 1175 1484 tot
1198 1425 1232 1484 et

60 1524 131 1584 tam
155 1525 285 1586 sanctos
308 1519 395 1585 viros
419 1519 526 1585 divino
550 1519 668 1604 spiritu
684 1518 809 1585 afflatos
825 1519 1025 1586 labefactare
1044 1522 1228 1588 contendat.

60 1624 253 1709 Hieronymi
276 1624 458 1692 beatissimi
488 1625 663 1710 scriptura,
698 1624 827 1690 Gelasio
851 1626 943 1708 Papa
970 1631 1064 1705 teste,
1097 1633 1231 1710 recepta

61 1736 116 1796 est
137 1730 171 1796 in
195 1729 342 1808 ecclesia,
366 1730 563 1796 venerabilis
586 1738 682 1815 pater
697 1729 851 1796 Nicolaus
875 1731 915 1796 de
939 1731 1026 1815 Lyra
1049 1730 1231 1797 ordinarius

63 1836 231 1919 expositor
254 1835 369 1901 Bibliae
400 1835 569 1917 „omnibus
594 1835 716 1902 Christi
745 1833 894 1901 fidelibus
927 1836 976 1900 vir
1005 1835 1231 1919 integerrimus

62 1940 233 2025 probatur.
278 1941 419 2026 Jamjam
435 1947 567 2007 exortus
583 1947 634 2007 est
656 1941 773 2026 aliquis
797 1940 938 2007 tumulus
951 1942 972 2022 ¹,
996 1942 1052 2026 qui
1075 1941 1231 2024 plurimus

62 2046 95 2111 iu
121 2045 201 2117 locis
223 2044 296 2112 illos
318 2046 469 2130 imperite
492 2045 698 2112 transtulisse
731 2049 852 2112 notat“.
898 2046 1041 2124 Quorum
1064 2046 1232 2111 imminen-

64 2150 155 2217 tibus
188 2150 384 2217 olamoribus
418 2150 499 2217 haec
526 2173 631 2235 pauca
667 2151 867 2236 respondeo:
900 2150 979 2216 mihi
1011 2151 1109 2217 licere
1144 2150 1232 2235 quod

61 2256 185 2322 eisdem
208 2255 435 2322 illustrissimis
458 2257 633 2323 luminibus
648 2257 748 2323 licuit.
786 2257 1005 2341 Hieronymus
1028 2257 1077 2321 vir
1099 2261 1231 2322 sanctus

60 2362 158 2428 LXX.
182 2363 289 2447 carpit
310 2362 518 2446 interpretes,
543 2384 605 2429 non
630 2363 737 2443 semel,
762 2362 821 2442 bis,
845 2368 945 2443 terve,
970 2362 1029 2428 sed
1052 2361 1231 2444 saepissime

60 2489 207 2534 numero.
252 2467 345 2534 Nunc
380 2468 454 2535 illos
491 2490 621 2535 errasse
655 2469 735 2534 dicit
771 2488 881 2533 errore
913 2467 1102 2551 conspicuo,
1137 2485 1231 2545 nuno,

60 2575 209 2658 inceptos
233 2573 427 2658 ignorantia,
450 2580 521 2641 tnm
545 2573 732 2641 discordare
756 2595 777 2638 a
799 2574 938 2638 veritate
962 2570 1126 2648 hebraica,
1152 2576 1231 2648 tum,

61 2679 201 2745 falsatos
224 2678 434 2745 similitudine
465 2679 652 2760 literarum,
684 2685 753 2744 tum
782 2677 929 2743 consulto
959 2675 1068 2759 aliqua
1097 2673 1231 2740 coelaese

61 2790 121 2851 aut
144 2784 306 2865 omisisse,
336 2805 376 2849 ne
408 2806 502 2850 sacra
525 2785 707 2870 panderent
729 2783 896 2868 mysteria,
921 2802 1002 2866 quos
1024 2787 1133 2845 tamen
1158 2780 1232 2845 Pto·

61 2889 196 2956 lomaeus
232 2889 435 2955 Alexandriae
463 2912 515 2956 res
546 2890 655 2955 divina
687 2888 826 2955 credidit
862 2887 980 2953 virtute
1015 2885 1231 2965 transtulisse,

62 3001 97 3060 et
130 3001 169 3060 ut
203 2995 352 3061 lustinus
387 2994 598 3080 philosophus
631 3002 730 3079 atque
768 2994 884 3059 martir
923 2993 956 3056 in
992 3013 1050 3057 suo
1089 2990 1130 3056 de
1167 2989 1232 3055 illis

62 3101 260 3186 paraenetioo
294 3100 408 3167 scribit
440 3107 479 3176 ὡς
510 3100 653 3190 hospitare
679 3091 787 3188 ἄνδρας
815 3089 931 3188 διέγνω.
976 3096 1130 3163 Nicolaus
1153 3095 1232 3161 item

63 3207 103 3272 de
136 3207 222 3290 Lyra
241 3206 370 3272 ‘divum
405 3207 638 3290 Hieronymum
671 3205 705 3268 in
741 3203 955 3269 translatione
995 3224 1055 3268 sua
1089 3200 1233 3266 ostendit

62 3311 365 3397 reprehensibilem
404 3332 477 3376 cum
507 3309 589 3375 alias
617 3309 728 3374 inultis
751 3308 784 3372 in
814 3307 910 3388 locis,
945 3313 1013 3372 tum
1044 3307 1076 3371 in
1107 3304 1232 3389 psalmo

63 3412 241 3483 secundum
280 3415 423 3481 ecclesiae
466 3422 585 3480 nostrae
628 3413 890 3499 supputationem
927 3410 1134 3488 xxxxvss,
1178 3407 1233 3492 qui

63 3522 194 3608 incipit:
231 3522 365 3605 Magnus
401 3521 569 3599 Dominus,
605 3519 660 3585 nbi
696 3520 764 3602 ejus
797 3517 829 3580 in
866 3514 929 3580 fine
964 3515 1009 3579 sio
1045 3515 1105 3579 ait:
1137 3513 1233 3594 „Hie-

62 3649 216 3712 ronymus
245 3632 356 3692 tamen
386 3626 491 3692 miuus
518 3625 600 3691 bene
631 3624 758 3689 videtur
787 3621 895 3687 dicere
922 3620 999 3704 quia
1022 3618 1055 3684 iu
1082 3619 1232 3686 omnibus

62 3732 173 3799 bibliis
196 3732 369 3810 hebraicis,
385 3753 466 3816 quas
490 3730 564 3809 vidi,
584 3729 734 3794 almuth²
760 3728 812 3793 hio
834 3734 885 3793 est
905 3747 971 3791 una
991 3725 1090 3791 dictio
1116 3732 1148 3790 et
1169 3746 1233 3791 non

63 3837 166 3904 duae.“
213 3837 294 3904 Vide
311 3835 471 3921 quomodo
487 3842 621 3901 accusat
637 3834 861 3900 beatissimum
877 3832 981 3898 virum
998 3831 1117 3897 erroris
1134 3837 1233 3912 atque

63 3943 277 4029 negligentiae.
324 3943 466 4026 lpsemet
494 3961 570 4006 nero
603 3940 774 4017 Nicolaus,
798 3945 836 4004 ut
864 3938 1022 4023 aequalem
1046 3953 1232 4000 mensuram

63 4055 244 4133 pateretur,
269 4047 373 4113 simile
395 4068 416 4111 a
440 4045 618 4112 reverendo
642 4044 799 4128 Burgensi
822 4043 984 4128 Episcopo
1008 4037 1234 4123 frequentibus

643 4199 660 4236 sl<

135 4298 148 4344 1
169 4288 338 4358 Auspielung
355 4290 403 4341 aui
420 4288 470 4340 den
487 4304 582 4340 namen
601 4288 740 4339 Rcuchlin.
815 4291 830 4337 2
851 4285 972 4336 Gemeint
991 4281 1026 4330 ist
1049 4277 1118 4330 wohl
1134 4271 1233 4364 ntia'bg

65 4383 130 4433 nach
151 4397 262 4434 srnscror
281 4378 400 4446 nilhlung
416 4379 461 4430 Ps.
482 4379 514 4428 46
534 4391 557 4427 r.
581 4381 603 4426 1.

94 4496 233 4543 [teuchite
1007 4461 1023 4520 7
