<?xml version="1.0" encoding="UTF-8"?>
<!DOCTYPE html PUBLIC "-//W3C//DTD XHTML 1.0 Transitional//EN"
    "http://www.w3.org/TR/xhtml1/DTD/xhtml1-transitional.dtd">
<html xmlns="http://www.w3.org/1999/xhtml" xml:lang="en" lang="en">
 <head>
  <title>
</title>
<meta http-equiv="Content-Type" content="text/html;charset=utf-8" />
  <meta name='ocr-system' content='tesseract 3.04.00' />
  <meta name='ocr-capabilities' content='ocr_page ocr_carea ocr_par ocr_line ocrx_word'/>
</head>
<body>
  <div class='ocr_page' id='page_1' title='image "./johannreuchlins00reucgoog/johannreuchlins00reucgoog_0170.png"; bbox 0 0 2716 4898; ppageno 0'>
   <div class='ocr_carea' id='block_1_1' title="bbox 704 310 769 379">
    <p class='ocr_par' dir='ltr' id='par_1_1' title="bbox 704 310 769 379">
     <span class='ocr_line' id='line_1_1' title="bbox 704 310 769 379; baseline 0.031 -2"><span class='ocrx_word' id='word_1_1' title='bbox 704 310 769 379; x_wconf 79' lang='lat'><strong>158</strong></span> 
     </span>
    </p>
   </div>
   <div class='ocr_carea' id='block_1_2' title="bbox 152 490 1317 3963">
    <p class='ocr_par' dir='ltr' id='par_1_2' title="bbox 152 490 1317 1534">
     <span class='ocr_line' id='line_1_2' title="bbox 152 490 1316 589; baseline 0.004 -24"><span class='ocrx_word' id='word_1_2' title='bbox 152 499 314 566; x_wconf 80' lang='lat' dir='ltr'><strong>brevitate</strong></span> <span class='ocrx_word' id='word_1_3' title='bbox 344 490 421 567; x_wconf 85' lang='lat' dir='ltr'><strong>tune</strong></span> <span class='ocrx_word' id='word_1_4' title='bbox 450 502 606 585; x_wconf 89' lang='lat' dir='ltr'><strong>temporis</strong></span> <span class='ocrx_word' id='word_1_5' title='bbox 635 507 804 568; x_wconf 87' lang='lat' dir='ltr'><strong>coartatus</strong></span> <span class='ocrx_word' id='word_1_6' title='bbox 826 499 958 581; x_wconf 86' lang='lat' dir='ltr'><strong>fuisset,</strong></span> <span class='ocrx_word' id='word_1_7' title='bbox 985 522 1171 589; x_wconf 87' lang='lat' dir='ltr'><strong>perquam</strong></span> <span class='ocrx_word' id='word_1_8' title='bbox 1194 503 1316 589; x_wconf 83' lang='lat' dir='ltr'><strong>quidem</strong></span> 
     </span>
     <span class='ocr_line' id='line_1_3' title="bbox 153 604 1317 676; baseline 0.005 -6"><span class='ocrx_word' id='word_1_9' title='bbox 153 604 406 673; x_wconf 78' lang='lat' dir='ltr'>declarationem</span> <span class='ocrx_word' id='word_1_10' title='bbox 437 628 541 674; x_wconf 90' lang='lat' dir='ltr'><strong>msam</strong></span> <span class='ocrx_word' id='word_1_11' title='bbox 572 606 716 674; x_wconf 76' lang='lat' dir='ltr'><strong>satisfeci</strong></span> <span class='ocrx_word' id='word_1_12' title='bbox 751 605 862 672; x_wconf 93' lang='lat' dir='ltr'><strong>multis</strong></span> <span class='ocrx_word' id='word_1_13' title='bbox 893 605 992 672; x_wconf 90' lang='lat' dir='ltr'><strong>etiam</strong></span> <span class='ocrx_word' id='word_1_14' title='bbox 1020 606 1220 676; x_wconf 75' lang='lat' dir='ltr'><strong>doctissimis</strong></span> <span class='ocrx_word' id='word_1_15' title='bbox 1247 609 1317 676; x_wconf 83' lang='lat' dir='ltr'><strong>viris</strong></span> 
     </span>
     <span class='ocr_line' id='line_1_4' title="bbox 154 711 1317 799; baseline 0.003 -22"><span class='ocrx_word' id='word_1_16' title='bbox 154 718 188 777; x_wconf 89' lang='lat' dir='ltr'><strong>et</strong></span> <span class='ocrx_word' id='word_1_17' title='bbox 210 711 371 778; x_wconf 80' lang='lat' dir='ltr'><strong>illustravi</strong></span> <span class='ocrx_word' id='word_1_18' title='bbox 394 712 508 799; x_wconf 57' lang='lat' dir='ltr'><strong>forms,</strong></span> <span class='ocrx_word' id='word_1_19' title='bbox 520 733 630 778; x_wconf 91' lang='lat' dir='ltr'><strong>omncs</strong></span> <span class='ocrx_word' id='word_1_20' title='bbox 652 712 904 796; x_wconf 81' lang='lat' dir='ltr'><strong>propositiones,</strong></span> <span class='ocrx_word' id='word_1_21' title='bbox 933 711 984 777; x_wconf 87' lang='lat' dir='ltr'><strong>vel</strong></span> <span class='ocrx_word' id='word_1_22' title='bbox 1014 713 1175 797; x_wconf 89' lang='lat' dir='ltr'><strong>majorem</strong></span> <span class='ocrx_word' id='word_1_23' title='bbox 1198 720 1317 799; x_wconf 86' lang='lat' dir='ltr'><strong>partem</strong></span> 
     </span>
     <span class='ocr_line' id='line_1_5' title="bbox 153 815 1317 901; baseline 0.003 -19"><span class='ocrx_word' id='word_1_24' title='bbox 153 837 275 898; x_wconf 87' lang='lat' dir='ltr'><strong>aarum,</strong></span> <span class='ocrx_word' id='word_1_25' title='bbox 299 838 380 901; x_wconf 90' lang='lat' dir='ltr'><strong>quas</strong></span> <span class='ocrx_word' id='word_1_26' title='bbox 396 817 474 881; x_wconf 92' lang='lat' dir='ltr'><strong>mihi</strong></span> <span class='ocrx_word' id='word_1_27' title='bbox 494 818 756 901; x_wconf 76' lang='lat' dir='ltr'><strong>praestantissimi</strong></span> <span class='ocrx_word' id='word_1_28' title='bbox 779 822 813 882; x_wconf 89' lang='lat' dir='ltr'><strong>et</strong></span> <span class='ocrx_word' id='word_1_29' title='bbox 828 815 1009 900; x_wconf 85' lang='lat' dir='ltr'><strong>gravissimi</strong></span> <span class='ocrx_word' id='word_1_30' title='bbox 1023 823 1139 901; x_wconf 85' lang='lat' dir='ltr'><strong>patres</strong></span> <span class='ocrx_word' id='word_1_31' title='bbox 1156 819 1317 886; x_wconf 72' lang='lat' dir='ltr'><strong>facultatis</strong></span> 
     </span>
     <span class='ocr_line' id='line_1_6' title="bbox 152 921 1316 1008; baseline 0.003 -20"><span class='ocrx_word' id='word_1_32' title='bbox 152 928 217 988; x_wconf 84' lang='lat' dir='ltr'><strong>tua</strong></span> <span class='ocrx_word' id='word_1_33' title='bbox 247 943 331 989; x_wconf 91' lang='lat' dir='ltr'><strong>nunc</strong></span> <span class='ocrx_word' id='word_1_34' title='bbox 361 923 619 1001; x_wconf 84' lang='lat' dir='ltr'><strong>transmiserunt,</strong></span> <span class='ocrx_word' id='word_1_35' title='bbox 649 922 842 1001; x_wconf 80' lang='lat' dir='ltr'><strong>scribentes,</strong></span> <span class='ocrx_word' id='word_1_36' title='bbox 872 921 959 1005; x_wconf 93' lang='lat' dir='ltr'><strong>quod</strong></span> <span class='ocrx_word' id='word_1_37' title='bbox 990 923 1036 988; x_wconf 87' lang='lat' dir='ltr'><strong>eis</strong></span> <span class='ocrx_word' id='word_1_38' title='bbox 1067 923 1149 1008; x_wconf 91' lang='lat' dir='ltr'><strong>ipsis</strong></span> <span class='ocrx_word' id='word_1_39' title='bbox 1173 925 1316 992; x_wconf 83' lang='lat' dir='ltr'><strong>rideatur</strong></span> 
     </span>
     <span class='ocr_line' id='line_1_7' title="bbox 153 1026 1314 1116; baseline 0.002 -22"><span class='ocrx_word' id='word_1_40' title='bbox 153 1048 205 1094; x_wconf 92' lang='lat' dir='ltr'><strong>me</strong></span> <span class='ocrx_word' id='word_1_41' title='bbox 227 1049 291 1094; x_wconf 92' lang='lat' dir='ltr'><strong>non</strong></span> <span class='ocrx_word' id='word_1_42' title='bbox 316 1027 414 1094; x_wconf 91' lang='lat' dir='ltr'><strong>satis</strong></span> <span class='ocrx_word' id='word_1_43' title='bbox 436 1048 496 1111; x_wconf 93' lang='lat' dir='ltr'><strong>pro</strong></span> <span class='ocrx_word' id='word_1_44' title='bbox 511 1026 587 1094; x_wconf 88' lang='lat' dir='ltr'><strong>fidei</strong></span> <span class='ocrx_word' id='word_1_45' title='bbox 610 1048 689 1095; x_wconf 86' lang='lat' dir='ltr'><strong>meae</strong></span> <span class='ocrx_word' id='word_1_46' title='bbox 706 1031 903 1111; x_wconf 89' lang='lat' dir='ltr'><strong>synceritate</strong></span> <span class='ocrx_word' id='word_1_47' title='bbox 919 1048 1017 1112; x_wconf 88' lang='lat' dir='ltr'><strong>super</strong></span> <span class='ocrx_word' id='word_1_48' title='bbox 1031 1027 1098 1095; x_wconf 93' lang='lat' dir='ltr'><strong>illis</strong></span> <span class='ocrx_word' id='word_1_49' title='bbox 1114 1050 1314 1116; x_wconf 76' lang='lat' dir='ltr'><strong>expurgasse</strong></span> 
     </span>
     <span class='ocr_line' id='line_1_8' title="bbox 153 1130 1314 1222; baseline 0.002 -24"><span class='ocrx_word' id='word_1_50' title='bbox 153 1134 198 1198; x_wconf 79' lang='lat' dir='ltr'><strong>At</strong></span> <span class='ocrx_word' id='word_1_51' title='bbox 213 1154 272 1217; x_wconf 91' lang='lat' dir='ltr'><strong>ego</strong></span> <span class='ocrx_word' id='word_1_52' title='bbox 293 1132 372 1218; x_wconf 93' lang='lat' dir='ltr'><strong>quid</strong></span> <span class='ocrx_word' id='word_1_53' title='bbox 393 1132 502 1198; x_wconf 88' lang='lat' dir='ltr'><strong>satis</strong></span> <span class='ocrx_word' id='word_1_54' title='bbox 519 1133 562 1198; x_wconf 90' lang='lat' dir='ltr'><strong>sit</strong></span> <span class='ocrx_word' id='word_1_55' title='bbox 583 1133 630 1199; x_wconf 88' lang='lat' dir='ltr'><strong>sis</strong></span> <span class='ocrx_word' id='word_1_56' title='bbox 652 1133 796 1199; x_wconf 87' lang='lat' dir='ltr'><strong>luturum</strong></span> <span class='ocrx_word' id='word_1_57' title='bbox 820 1130 881 1218; x_wconf 87' lang='lat' dir='ltr'><strong>(ita</strong></span> <span class='ocrx_word' id='word_1_58' title='bbox 903 1153 954 1198; x_wconf 91' lang='lat' dir='ltr'><strong>me</strong></span> <span class='ocrx_word' id='word_1_59' title='bbox 970 1133 1059 1199; x_wconf 89' lang='lat' dir='ltr'><strong>Deus</strong></span> <span class='ocrx_word' id='word_1_60' title='bbox 1074 1133 1180 1222; x_wconf 85' lang='lat' dir='ltr'><strong>amet)</strong></span> <span class='ocrx_word' id='word_1_61' title='bbox 1202 1137 1314 1220; x_wconf 87' lang='lat' dir='ltr'><strong>ignoro.</strong></span> 
     </span>
     <span class='ocr_line' id='line_1_9' title="bbox 153 1237 1316 1323; baseline 0.003 -19"><span class='ocrx_word' id='word_1_62' title='bbox 153 1239 267 1305; x_wconf 91' lang='lat' dir='ltr'><strong>Potest</strong></span> <span class='ocrx_word' id='word_1_63' title='bbox 302 1258 368 1303; x_wconf 91' lang='lat' dir='ltr'><strong>uua</strong></span> <span class='ocrx_word' id='word_1_64' title='bbox 398 1237 577 1323; x_wconf 85' lang='lat' dir='ltr'><strong>eademque</strong></span> <span class='ocrx_word' id='word_1_65' title='bbox 608 1258 661 1304; x_wconf 89' lang='lat' dir='ltr'><strong>res</strong></span> <span class='ocrx_word' id='word_1_66' title='bbox 697 1238 793 1303; x_wconf 88' lang='lat' dir='ltr'><strong>alteri</strong></span> <span class='ocrx_word' id='word_1_67' title='bbox 820 1239 900 1304; x_wconf 90' lang='lat' dir='ltr'><strong>satis</strong></span> <span class='ocrx_word' id='word_1_68' title='bbox 931 1258 1018 1319; x_wconf 85' lang='lat' dir='ltr'><strong>essa,</strong></span> <span class='ocrx_word' id='word_1_69' title='bbox 1048 1238 1148 1306; x_wconf 88' lang='lat' dir='ltr'><strong>alteri</strong></span> <span class='ocrx_word' id='word_1_70' title='bbox 1184 1242 1316 1308; x_wconf 87' lang='lat' dir='ltr'><strong>minima</strong></span> 
     </span>
     <span class='ocr_line' id='line_1_10' title="bbox 154 1342 1315 1430; baseline 0.005 -23"><span class='ocrx_word' id='word_1_71' title='bbox 154 1342 325 1408; x_wconf 81' lang='lat' dir='ltr'><strong>Satietas¹</strong></span> <span class='ocrx_word' id='word_1_72' title='bbox 361 1344 446 1408; x_wconf 88' lang='lat' dir='ltr'><strong>enim</strong></span> <span class='ocrx_word' id='word_1_73' title='bbox 476 1344 510 1410; x_wconf 94' lang='lat' dir='ltr'><strong>in</strong></span> <span class='ocrx_word' id='word_1_74' title='bbox 539 1345 608 1411; x_wconf 93' lang='lat' dir='ltr'><strong>solo</strong></span> <span class='ocrx_word' id='word_1_75' title='bbox 642 1343 783 1410; x_wconf 75' lang='lat' dir='ltr'><strong>satiandi</strong></span> <span class='ocrx_word' id='word_1_76' title='bbox 819 1344 925 1410; x_wconf 89' lang='lat' dir='ltr'><strong>animo</strong></span> <span class='ocrx_word' id='word_1_77' title='bbox 953 1343 1103 1412; x_wconf 88' lang='lat' dir='ltr'><strong>consistit</strong></span> <span class='ocrx_word' id='word_1_78' title='bbox 1134 1367 1197 1430; x_wconf 93' lang='lat' dir='ltr'><strong>pro</strong></span> <span class='ocrx_word' id='word_1_79' title='bbox 1228 1347 1315 1414; x_wconf 89' lang='lat' dir='ltr'><strong>modo</strong></span> 
     </span>
     <span class='ocr_line' id='line_1_11' title="bbox 156 1448 740 1534; baseline 0.002 -21"><span class='ocrx_word' id='word_1_80' title='bbox 156 1448 353 1532; x_wconf 80' lang='lat' dir='ltr'><strong>recipientis,</strong></span> <span class='ocrx_word' id='word_1_81' title='bbox 377 1460 411 1514; x_wconf 91' lang='lat' dir='ltr'><strong>et</strong></span> <span class='ocrx_word' id='word_1_82' title='bbox 432 1470 496 1515; x_wconf 89' lang='lat' dir='ltr'><strong>non</strong></span> <span class='ocrx_word' id='word_1_83' title='bbox 520 1451 568 1516; x_wconf 87' lang='lat' dir='ltr'><strong>rei</strong></span> <span class='ocrx_word' id='word_1_84' title='bbox 590 1456 740 1534; x_wconf 82' lang='lat' dir='ltr'><strong>recepta.</strong></span> 
     </span>
    </p>

    <p class='ocr_par' dir='ltr' id='par_1_3' title="bbox 152 1554 1313 3645">
     <span class='ocr_line' id='line_1_12' title="bbox 243 1554 1313 1640; baseline 0.005 -21"><span class='ocrx_word' id='word_1_85' title='bbox 243 1554 290 1620; x_wconf 87' lang='lat' dir='ltr'><strong>Tu</strong></span> <span class='ocrx_word' id='word_1_86' title='bbox 314 1575 390 1620; x_wconf 87' lang='lat' dir='ltr'><strong>vero</strong></span> <span class='ocrx_word' id='word_1_87' title='bbox 414 1555 529 1621; x_wconf 91' lang='lat' dir='ltr'><strong>doctor</strong></span> <span class='ocrx_word' id='word_1_88' title='bbox 552 1556 695 1640; x_wconf 86' lang='lat' dir='ltr'><strong>egregia,</strong></span> <span class='ocrx_word' id='word_1_89' title='bbox 719 1555 797 1620; x_wconf 92' lang='lat' dir='ltr'><strong>mihi</strong></span> <span class='ocrx_word' id='word_1_90' title='bbox 820 1555 926 1636; x_wconf 80' lang='lat' dir='ltr'><strong>crede,</strong></span> <span class='ocrx_word' id='word_1_91' title='bbox 949 1562 984 1623; x_wconf 88' lang='lat' dir='ltr'><strong>et</strong></span> <span class='ocrx_word' id='word_1_92' title='bbox 1007 1557 1173 1623; x_wconf 82' lang='lat' dir='ltr'><strong>memoriae</strong></span> <span class='ocrx_word' id='word_1_93' title='bbox 1195 1555 1313 1637; x_wconf 77' lang='lat' dir='ltr'><strong>manda</strong></span> 
     </span>
     <span class='ocr_line' id='line_1_13' title="bbox 153 1660 1313 1747; baseline 0.003 -22"><span class='ocrx_word' id='word_1_94' title='bbox 153 1680 205 1726; x_wconf 87' lang='lat' dir='ltr'><strong>mc</strong></span> <span class='ocrx_word' id='word_1_95' title='bbox 238 1660 299 1726; x_wconf 90' lang='lat' dir='ltr'><strong>tibi</strong></span> <span class='ocrx_word' id='word_1_96' title='bbox 321 1661 354 1726; x_wconf 93' lang='lat' dir='ltr'><strong>id</strong></span> <span class='ocrx_word' id='word_1_97' title='bbox 377 1661 569 1742; x_wconf 86' lang='lat' dir='ltr'><strong>affirmasse,</strong></span> <span class='ocrx_word' id='word_1_98' title='bbox 600 1683 660 1746; x_wconf 91' lang='lat' dir='ltr'><strong>pro</strong></span> <span class='ocrx_word' id='word_1_99' title='bbox 694 1682 732 1727; x_wconf 95' lang='lat' dir='ltr'><strong>eo</strong></span> <span class='ocrx_word' id='word_1_100' title='bbox 765 1660 933 1745; x_wconf 85' lang='lat' dir='ltr'><strong>desyderio</strong></span> <span class='ocrx_word' id='word_1_101' title='bbox 966 1663 1054 1747; x_wconf 91' lang='lat' dir='ltr'><strong>quod</strong></span> <span class='ocrx_word' id='word_1_102' title='bbox 1087 1669 1140 1728; x_wconf 90' lang='lat' dir='ltr'><strong>est</strong></span> <span class='ocrx_word' id='word_1_103' title='bbox 1169 1663 1249 1728; x_wconf 91' lang='lat' dir='ltr'><strong>mihi</strong></span> <span class='ocrx_word' id='word_1_104' title='bbox 1277 1660 1313 1727; x_wconf 88' lang='lat' dir='ltr'><strong>ad</strong></span> 
     </span>
     <span class='ocr_line' id='line_1_14' title="bbox 152 1765 1312 1848; baseline 0.001 -17"><span class='ocrx_word' id='word_1_105' title='bbox 152 1765 243 1831; x_wconf 91' lang='lat' dir='ltr'><strong>illum</strong></span> <span class='ocrx_word' id='word_1_106' title='bbox 274 1766 526 1833; x_wconf 85' lang='lat' dir='ltr'><strong>clarissimorum</strong></span> <span class='ocrx_word' id='word_1_107' title='bbox 555 1773 588 1832; x_wconf 88' lang='lat' dir='ltr'><strong>et</strong></span> <span class='ocrx_word' id='word_1_108' title='bbox 617 1766 876 1833; x_wconf 86' lang='lat' dir='ltr'><strong>doctissimorum</strong></span> <span class='ocrx_word' id='word_1_109' title='bbox 906 1767 1047 1832; x_wconf 87' lang='lat' dir='ltr'><strong>virorum</strong></span> <span class='ocrx_word' id='word_1_110' title='bbox 1077 1774 1215 1848; x_wconf 79' lang='lat' dir='ltr'><strong>emtum,</strong></span> <span class='ocrx_word' id='word_1_111' title='bbox 1242 1767 1312 1833; x_wconf 84' lang='lat' dir='ltr'><strong>selle</strong></span> 
     </span>
     <span class='ocr_line' id='line_1_15' title="bbox 152 1853 1311 1956; baseline 0 -19"><span class='ocrx_word' id='word_1_112' title='bbox 152 1892 213 1951; x_wconf 86' lang='lat' dir='ltr'><strong>me,</strong></span> <span class='ocrx_word' id='word_1_113' title='bbox 237 1872 359 1939; x_wconf 90' lang='lat' dir='ltr'><strong>relictis</strong></span> <span class='ocrx_word' id='word_1_114' title='bbox 383 1873 531 1939; x_wconf 90' lang='lat' dir='ltr'><strong>omuibus</strong></span> <span class='ocrx_word' id='word_1_115' title='bbox 554 1872 692 1952; x_wconf 83' lang='lat' dir='ltr'><strong>auxiliis,</strong></span> <span class='ocrx_word' id='word_1_116' title='bbox 717 1853 885 1956; x_wconf 80' lang='lat' dir='ltr'><strong>cupienter</strong></span> <span class='ocrx_word' id='word_1_117' title='bbox 907 1893 979 1939; x_wconf 89' lang='lat' dir='ltr'><strong>esse</strong></span> <span class='ocrx_word' id='word_1_118' title='bbox 1002 1871 1041 1938; x_wconf 92' lang='lat' dir='ltr'><strong>in·</strong></span> <span class='ocrx_word' id='word_1_119' title='bbox 1058 1872 1147 1940; x_wconf 88' lang='lat' dir='ltr'><strong>bone</strong></span> <span class='ocrx_word' id='word_1_120' title='bbox 1175 1872 1311 1940; x_wconf 87' lang='lat' dir='ltr'><strong>amicicia</strong></span> 
     </span>
     <span class='ocr_line' id='line_1_16' title="bbox 152 1975 1311 2059; baseline 0.003 -18"><span class='ocrx_word' id='word_1_121' title='bbox 152 1975 318 2042; x_wconf 85' lang='lat' dir='ltr'><strong>facultatis</strong></span> <span class='ocrx_word' id='word_1_122' title='bbox 348 1984 428 2059; x_wconf 78' lang='lat' dir='ltr'><strong>tusc,</strong></span> <span class='ocrx_word' id='word_1_123' title='bbox 454 1985 488 2044; x_wconf 89' lang='lat' dir='ltr'><strong>ct</strong></span> <span class='ocrx_word' id='word_1_124' title='bbox 517 1978 677 2045; x_wconf 91' lang='lat' dir='ltr'><strong>universis</strong></span> <span class='ocrx_word' id='word_1_125' title='bbox 701 1978 791 2043; x_wconf 83' lang='lat' dir='ltr'><strong>vobis</strong></span> <span class='ocrx_word' id='word_1_126' title='bbox 815 1977 1003 2045; x_wconf 86' lang='lat' dir='ltr'><strong>satisfacere</strong></span> <span class='ocrx_word' id='word_1_127' title='bbox 1032 1979 1067 2043; x_wconf 89' lang='lat' dir='ltr'><strong>in</strong></span> <span class='ocrx_word' id='word_1_128' title='bbox 1090 1979 1144 2044; x_wconf 85' lang='lat' dir='ltr'><strong>via</strong></span> <span class='ocrx_word' id='word_1_129' title='bbox 1166 1978 1311 2056; x_wconf 68' lang='lat' dir='ltr'><strong>versans</strong></span> 
     </span>
     <span class='ocr_line' id='line_1_17' title="bbox 152 2082 1309 2168; baseline 0.001 -23"><span class='ocrx_word' id='word_1_130' title='bbox 152 2085 262 2147; x_wconf 89' lang='lat' dir='ltr'><strong>tamen</strong></span> <span class='ocrx_word' id='word_1_131' title='bbox 286 2082 409 2168; x_wconf 87' lang='lat' dir='ltr'><strong>absque</strong></span> <span class='ocrx_word' id='word_1_132' title='bbox 433 2083 591 2149; x_wconf 87' lang='lat' dir='ltr'><strong>dedecore</strong></span> <span class='ocrx_word' id='word_1_133' title='bbox 614 2105 686 2150; x_wconf 90' lang='lat' dir='ltr'><strong>meo</strong></span> <span class='ocrx_word' id='word_1_134' title='bbox 710 2090 744 2149; x_wconf 89' lang='lat' dir='ltr'><strong>et</strong></span> <span class='ocrx_word' id='word_1_135' title='bbox 767 2083 836 2150; x_wconf 88' lang='lat' dir='ltr'><strong>sinc</strong></span> <span class='ocrx_word' id='word_1_136' title='bbox 859 2084 928 2150; x_wconf 90' lang='lat' dir='ltr'><strong>ulla</strong></span> <span class='ocrx_word' id='word_1_137' title='bbox 950 2084 1090 2151; x_wconf 80' lang='lat' dir='ltr'><strong>infamia</strong></span> <span class='ocrx_word' id='word_1_138' title='bbox 1114 2083 1309 2168; x_wconf 83' lang='lat' dir='ltr'><strong>levitatisque</strong></span> 
     </span>
     <span class='ocr_line' id='line_1_18' title="bbox 152 2188 1310 2274; baseline -0.001 -22"><span class='ocrx_word' id='word_1_139' title='bbox 152 2192 246 2267; x_wconf 81' lang='lat' dir='ltr'><strong>nota,</strong></span> <span class='ocrx_word' id='word_1_140' title='bbox 276 2189 501 2255; x_wconf 91' lang='lat' dir='ltr'><strong>tantummodo</strong></span> <span class='ocrx_word' id='word_1_141' title='bbox 528 2196 566 2254; x_wconf 92' lang='lat' dir='ltr'><strong>ut</strong></span> <span class='ocrx_word' id='word_1_142' title='bbox 594 2191 694 2256; x_wconf 92' lang='lat' dir='ltr'><strong>sciam</strong></span> <span class='ocrx_word' id='word_1_143' title='bbox 721 2190 863 2274; x_wconf 88' lang='lat' dir='ltr'><strong>qualiter</strong></span> <span class='ocrx_word' id='word_1_144' title='bbox 891 2195 925 2255; x_wconf 89' lang='lat' dir='ltr'><strong>et</strong></span> <span class='ocrx_word' id='word_1_145' title='bbox 956 2210 1021 2274; x_wconf 86' lang='lat' dir='ltr'><strong>qua</strong></span> <span class='ocrx_word' id='word_1_146' title='bbox 1048 2189 1110 2255; x_wconf 89' lang='lat' dir='ltr'><strong>via.</strong></span> <span class='ocrx_word' id='word_1_147' title='bbox 1163 2188 1257 2268; x_wconf 80' lang='lat' dir='ltr'><strong>Quod</strong></span> <span class='ocrx_word' id='word_1_148' title='bbox 1280 2191 1310 2252; x_wconf 91' lang='lat' dir='ltr'><strong>ut</strong></span> 
     </span>
     <span class='ocr_line' id='line_1_19' title="bbox 153 2291 1308 2380; baseline 0.002 -22"><span class='ocrx_word' id='word_1_149' title='bbox 153 2313 344 2378; x_wconf 85' lang='lat' dir='ltr'><strong>consequar,</strong></span> <span class='ocrx_word' id='word_1_150' title='bbox 366 2295 462 2379; x_wconf 86' lang='lat' dir='ltr'><strong>plane</strong></span> <span class='ocrx_word' id='word_1_151' title='bbox 486 2301 593 2362; x_wconf 85' lang='lat' dir='ltr'><strong>vestro</strong></span> <span class='ocrx_word' id='word_1_152' title='bbox 609 2296 737 2378; x_wconf 84' lang='lat' dir='ltr'><strong>iugenio</strong></span> <span class='ocrx_word' id='word_1_153' title='bbox 753 2296 816 2361; x_wconf 89' lang='lat' dir='ltr'><strong>erit</strong></span> <span class='ocrx_word' id='word_1_154' title='bbox 831 2316 920 2380; x_wconf 82' lang='lat' dir='ltr'><strong>opus,</strong></span> <span class='ocrx_word' id='word_1_155' title='bbox 944 2316 1009 2360; x_wconf 90' lang='lat' dir='ltr'><strong>non</strong></span> <span class='ocrx_word' id='word_1_156' title='bbox 1023 2315 1106 2361; x_wconf 88' lang='lat' dir='ltr'><strong>meo.</strong></span> <span class='ocrx_word' id='word_1_157' title='bbox 1155 2291 1308 2374; x_wconf 81' lang='lat' dir='ltr'><strong>Quomodo</strong></span> 
     </span>
     <span class='ocr_line' id='line_1_20' title="bbox 153 2397 1307 2485; baseline -0.002 -20"><span class='ocrx_word' id='word_1_158' title='bbox 153 2399 238 2465; x_wconf 89' lang='lat' dir='ltr'><strong>euim</strong></span> <span class='ocrx_word' id='word_1_159' title='bbox 261 2406 417 2485; x_wconf 89' lang='lat' dir='ltr'><strong>tanquam</strong></span> <span class='ocrx_word' id='word_1_160' title='bbox 440 2400 542 2466; x_wconf 91' lang='lat' dir='ltr'><strong>laicus</strong></span> <span class='ocrx_word' id='word_1_161' title='bbox 566 2399 722 2484; x_wconf 88' lang='lat' dir='ltr'><strong>digamus,</strong></span> <span class='ocrx_word' id='word_1_162' title='bbox 745 2400 834 2466; x_wconf 89' lang='lat' dir='ltr'><strong>nullo</strong></span> <span class='ocrx_word' id='word_1_163' title='bbox 857 2400 1003 2484; x_wconf 84' lang='lat' dir='ltr'><strong>gaudens</strong></span> <span class='ocrx_word' id='word_1_164' title='bbox 1027 2400 1205 2468; x_wconf 87' lang='lat' dir='ltr'><strong>clericatus</strong></span> <span class='ocrx_word' id='word_1_165' title='bbox 1226 2397 1307 2466; x_wconf 86' lang='lat' dir='ltr'><strong>titulo</strong></span> 
     </span>
     <span class='ocr_line' id='line_1_21' title="bbox 153 2504 1308 2591; baseline 0 -21"><span class='ocrx_word' id='word_1_166' title='bbox 153 2505 204 2571; x_wconf 83' lang='lat' dir='ltr'><strong>vel</strong></span> <span class='ocrx_word' id='word_1_167' title='bbox 226 2507 408 2591; x_wconf 81' lang='lat' dir='ltr'><strong>privilegio,</strong></span> <span class='ocrx_word' id='word_1_168' title='bbox 437 2525 566 2589; x_wconf 91' lang='lat' dir='ltr'><strong>possem</strong></span> <span class='ocrx_word' id='word_1_169' title='bbox 594 2505 689 2590; x_wconf 85' lang='lat' dir='ltr'><strong>digna</strong></span> <span class='ocrx_word' id='word_1_170' title='bbox 718 2528 788 2590; x_wconf 88' lang='lat' dir='ltr'><strong>quae</strong></span> <span class='ocrx_word' id='word_1_171' title='bbox 820 2512 896 2573; x_wconf 91' lang='lat' dir='ltr'><strong>sunt</strong></span> <span class='ocrx_word' id='word_1_172' title='bbox 925 2504 1001 2572; x_wconf 90' lang='lat' dir='ltr'><strong>fidei</strong></span> <span class='ocrx_word' id='word_1_173' title='bbox 1031 2506 1076 2572; x_wconf 91' lang='lat' dir='ltr'><strong>ad</strong></span> <span class='ocrx_word' id='word_1_174' title='bbox 1107 2526 1248 2590; x_wconf 87' lang='lat' dir='ltr'><strong>unguem</strong></span> <span class='ocrx_word' id='word_1_175' title='bbox 1267 2524 1308 2570; x_wconf 84' lang='lat' dir='ltr'><strong>ex·</strong></span> 
     </span>
     <span class='ocr_line' id='line_1_22' title="bbox 152 2610 1306 2697; baseline -0.001 -22"><span class='ocrx_word' id='word_1_176' title='bbox 152 2611 275 2696; x_wconf 87' lang='lat' dir='ltr'><strong>plicare</strong></span> <span class='ocrx_word' id='word_1_177' title='bbox 298 2613 403 2697; x_wconf 92' lang='lat' dir='ltr'><strong>prima</strong></span> <span class='ocrx_word' id='word_1_178' title='bbox 425 2611 541 2692; x_wconf 74' lang='lat' dir='ltr'><strong>fronte,</strong></span> <span class='ocrx_word' id='word_1_179' title='bbox 572 2611 628 2695; x_wconf 92' lang='lat' dir='ltr'><strong>qui</strong></span> <span class='ocrx_word' id='word_1_180' title='bbox 650 2610 753 2676; x_wconf 89' lang='lat' dir='ltr'><strong>solnm</strong></span> <span class='ocrx_word' id='word_1_181' title='bbox 784 2611 828 2676; x_wconf 90' lang='lat' dir='ltr'><strong>ad</strong></span> <span class='ocrx_word' id='word_1_182' title='bbox 850 2611 1040 2696; x_wconf 86' lang='lat' dir='ltr'><strong>implicitam</strong></span> <span class='ocrx_word' id='word_1_183' title='bbox 1068 2610 1232 2696; x_wconf 86' lang='lat' dir='ltr'><strong>obligatus</strong></span> <span class='ocrx_word' id='word_1_184' title='bbox 1252 2627 1306 2676; x_wconf 87' lang='lat' dir='ltr'><strong>sum</strong></span> 
     </span>
     <span class='ocr_line' id='line_1_23' title="bbox 153 2715 1304 2801; baseline -0.002 -19"><span class='ocrx_word' id='word_1_185' title='bbox 153 2716 230 2784; x_wconf 88' lang='lat' dir='ltr'><strong>fidei</strong></span> <span class='ocrx_word' id='word_1_186' title='bbox 254 2717 497 2798; x_wconf 86' lang='lat' dir='ltr'><strong>confessionem,</strong></span> <span class='ocrx_word' id='word_1_187' title='bbox 527 2715 704 2783; x_wconf 88' lang='lat' dir='ltr'><strong>secundum</strong></span> <span class='ocrx_word' id='word_1_188' title='bbox 728 2715 815 2801; x_wconf 89' lang='lat' dir='ltr'><strong>quod</strong></span> <span class='ocrx_word' id='word_1_189' title='bbox 838 2718 943 2783; x_wconf 89' lang='lat' dir='ltr'><strong>credit</strong></span> <span class='ocrx_word' id='word_1_190' title='bbox 965 2717 1114 2799; x_wconf 89' lang='lat' dir='ltr'><strong>ecclesia,</strong></span> <span class='ocrx_word' id='word_1_191' title='bbox 1137 2724 1176 2784; x_wconf 90' lang='lat' dir='ltr'><strong>ut</strong></span> <span class='ocrx_word' id='word_1_192' title='bbox 1197 2718 1230 2783; x_wconf 89' lang='lat' dir='ltr'><strong>in</strong></span> <span class='ocrx_word' id='word_1_193' title='bbox 1247 2717 1304 2800; x_wconf 85' lang='lat' dir='ltr'><strong>juro</strong></span> 
     </span>
     <span class='ocr_line' id='line_1_24' title="bbox 153 2818 1303 2908; baseline -0.006 -18"><span class='ocrx_word' id='word_1_194' title='bbox 153 2825 309 2890; x_wconf 88' lang='lat' dir='ltr'><strong>canonico</strong></span> <span class='ocrx_word' id='word_1_195' title='bbox 332 2824 458 2908; x_wconf 86' lang='lat' dir='ltr'><strong>legitur.</strong></span> <span class='ocrx_word' id='word_1_196' title='bbox 504 2823 623 2890; x_wconf 88' lang='lat' dir='ltr'><strong>Vestra</strong></span> <span class='ocrx_word' id='word_1_197' title='bbox 646 2843 722 2889; x_wconf 85' lang='lat' dir='ltr'><strong>vero</strong></span> <span class='ocrx_word' id='word_1_198' title='bbox 745 2828 815 2888; x_wconf 92' lang='lat' dir='ltr'><strong>tum</strong></span> <span class='ocrx_word' id='word_1_199' title='bbox 838 2821 990 2907; x_wconf 84' lang='lat' dir='ltr'><strong>dignitas,</strong></span> <span class='ocrx_word' id='word_1_200' title='bbox 1013 2828 1084 2889; x_wconf 94' lang='lat' dir='ltr'><strong>tum</strong></span> <span class='ocrx_word' id='word_1_201' title='bbox 1106 2823 1261 2908; x_wconf 81' lang='lat' dir='ltr'><strong>professio</strong></span> <span class='ocrx_word' id='word_1_202' title='bbox 1279 2818 1303 2883; x_wconf 91' lang='lat' dir='ltr'><strong>in</strong></span> 
     </span>
     <span class='ocr_line' id='line_1_25' title="bbox 153 2927 1302 3013; baseline -0.007 -18"><span class='ocrx_word' id='word_1_203' title='bbox 153 2927 270 2995; x_wconf 91' lang='lat' dir='ltr'><strong>altiore</strong></span> <span class='ocrx_word' id='word_1_204' title='bbox 294 2929 397 3013; x_wconf 90' lang='lat' dir='ltr'><strong>gradu</strong></span> <span class='ocrx_word' id='word_1_205' title='bbox 420 2929 598 2995; x_wconf 90' lang='lat' dir='ltr'><strong>constituta</strong></span> <span class='ocrx_word' id='word_1_206' title='bbox 628 2935 688 2994; x_wconf 89' lang='lat' dir='ltr'><strong>cst.</strong></span> <span class='ocrx_word' id='word_1_207' title='bbox 734 2929 800 2996; x_wconf 92' lang='lat' dir='ltr'><strong>Vos</strong></span> <span class='ocrx_word' id='word_1_208' title='bbox 825 2928 1021 3013; x_wconf 76' lang='lat' dir='ltr'><strong>praesbyteri</strong></span> <span class='ocrx_word' id='word_1_209' title='bbox 1047 2928 1173 3013; x_wconf 89' lang='lat' dir='ltr'><strong>duplici</strong></span> <span class='ocrx_word' id='word_1_210' title='bbox 1200 2928 1302 2994; x_wconf 84' lang='lat' dir='ltr'><strong>honoro</strong></span> 
     </span>
     <span class='ocr_line' id='line_1_26' title="bbox 153 3033 1302 3119; baseline -0.005 -19"><span class='ocrx_word' id='word_1_211' title='bbox 153 3034 241 3119; x_wconf 84' lang='lat' dir='ltr'><strong>digni</strong></span> <span class='ocrx_word' id='word_1_212' title='bbox 265 3034 361 3114; x_wconf 89' lang='lat' dir='ltr'><strong>estis,</strong></span> <span class='ocrx_word' id='word_1_213' title='bbox 394 3037 450 3119; x_wconf 93' lang='lat' dir='ltr'><strong>qui</strong></span> <span class='ocrx_word' id='word_1_214' title='bbox 481 3034 640 3101; x_wconf 89' lang='lat' dir='ltr'><strong>laboratis</strong></span> <span class='ocrx_word' id='word_1_215' title='bbox 674 3034 707 3098; x_wconf 94' lang='lat' dir='ltr'><strong>in</strong></span> <span class='ocrx_word' id='word_1_216' title='bbox 742 3034 840 3100; x_wconf 84' lang='lat' dir='ltr'><strong>verbo</strong></span> <span class='ocrx_word' id='word_1_217' title='bbox 876 3041 909 3100; x_wconf 89' lang='lat' dir='ltr'><strong>et</strong></span> <span class='ocrx_word' id='word_1_218' title='bbox 932 3035 1088 3116; x_wconf 89' lang='lat' dir='ltr'><strong>doctriua,</strong></span> <span class='ocrx_word' id='word_1_219' title='bbox 1111 3041 1150 3102; x_wconf 91' lang='lat' dir='ltr'><strong>ut</strong></span> <span class='ocrx_word' id='word_1_220' title='bbox 1171 3033 1237 3101; x_wconf 77' lang='lat' dir='ltr'><strong>et¹</strong></span> <span class='ocrx_word' id='word_1_221' title='bbox 1260 3048 1302 3097; x_wconf 84' lang='lat' dir='ltr'><strong>ros</strong></span> 
     </span>
     <span class='ocr_line' id='line_1_27' title="bbox 153 3135 1301 3224; baseline -0.003 -20"><span class='ocrx_word' id='word_1_222' title='bbox 153 3138 242 3224; x_wconf 89' lang='lat' dir='ltr'><strong>ipsos</strong></span> <span class='ocrx_word' id='word_1_223' title='bbox 273 3138 379 3206; x_wconf 86' lang='lat' dir='ltr'><strong>salvos</strong></span> <span class='ocrx_word' id='word_1_224' title='bbox 408 3139 537 3207; x_wconf 88' lang='lat' dir='ltr'><strong>faciatis</strong></span> <span class='ocrx_word' id='word_1_225' title='bbox 565 3145 599 3205; x_wconf 86' lang='lat' dir='ltr'><strong>et</strong></span> <span class='ocrx_word' id='word_1_226' title='bbox 621 3160 676 3205; x_wconf 94' lang='lat' dir='ltr'><strong>eos</strong></span> <span class='ocrx_word' id='word_1_227' title='bbox 706 3139 762 3223; x_wconf 89' lang='lat' dir='ltr'><strong>qui</strong></span> <span class='ocrx_word' id='word_1_228' title='bbox 783 3161 841 3206; x_wconf 83' lang='lat' dir='ltr'><strong>vos</strong></span> <span class='ocrx_word' id='word_1_229' title='bbox 868 3139 1014 3207; x_wconf 86' lang='lat' dir='ltr'><strong>audiunt.</strong></span> <span class='ocrx_word' id='word_1_230' title='bbox 1061 3140 1096 3208; x_wconf 85' lang='lat' dir='ltr'><strong>si</strong></span> <span class='ocrx_word' id='word_1_231' title='bbox 1119 3161 1171 3207; x_wconf 91' lang='lat' dir='ltr'><strong>me</strong></span> <span class='ocrx_word' id='word_1_232' title='bbox 1194 3135 1301 3224; x_wconf 85' lang='lat' dir='ltr'><strong>putatis</strong></span> 
     </span>
     <span class='ocr_line' id='line_1_28' title="bbox 153 3241 1301 3331; baseline -0.004 -20"><span class='ocrx_word' id='word_1_233' title='bbox 153 3245 260 3311; x_wconf 90' lang='lat' dir='ltr'><strong>adhuc</strong></span> <span class='ocrx_word' id='word_1_234' title='bbox 286 3246 395 3330; x_wconf 90' lang='lat' dir='ltr'><strong>aliquo</strong></span> <span class='ocrx_word' id='word_1_235' title='bbox 426 3245 544 3312; x_wconf 91' lang='lat' dir='ltr'><strong>delicto</strong></span> <span class='ocrx_word' id='word_1_236' title='bbox 567 3251 829 3331; x_wconf 82' lang='lat' dir='ltr'><strong>praeoccupatum</strong></span> <span class='ocrx_word' id='word_1_237' title='bbox 863 3266 951 3326; x_wconf 80' lang='lat' dir='ltr'><strong>csse,</strong></span> <span class='ocrx_word' id='word_1_238' title='bbox 980 3267 1037 3311; x_wconf 84' lang='lat' dir='ltr'><strong>ros</strong></span> <span class='ocrx_word' id='word_1_239' title='bbox 1069 3246 1127 3330; x_wconf 89' lang='lat' dir='ltr'><strong>qui</strong></span> <span class='ocrx_word' id='word_1_240' title='bbox 1157 3241 1301 3330; x_wconf 84' lang='lat' dir='ltr'><strong>spiritales</strong></span> 
     </span>
     <span class='ocr_line' id='line_1_29' title="bbox 154 3347 1302 3434; baseline -0.007 -17"><span class='ocrx_word' id='word_1_241' title='bbox 154 3351 242 3432; x_wconf 83' lang='lat' dir='ltr'><strong>estis,</strong></span> <span class='ocrx_word' id='word_1_242' title='bbox 266 3357 304 3417; x_wconf 92' lang='lat' dir='ltr'><strong>ut</strong></span> <span class='ocrx_word' id='word_1_243' title='bbox 326 3350 368 3417; x_wconf 93' lang='lat' dir='ltr'><strong>ad</strong></span> <span class='ocrx_word' id='word_1_244' title='bbox 384 3349 519 3418; x_wconf 87' lang='lat' dir='ltr'><strong>Galatas</strong></span> <span class='ocrx_word' id='word_1_245' title='bbox 536 3351 649 3417; x_wconf 92' lang='lat' dir='ltr'><strong>scribit</strong></span> <span class='ocrx_word' id='word_1_246' title='bbox 664 3349 838 3433; x_wconf 85' lang='lat' dir='ltr'><strong>Apostolus</strong></span> <span class='ocrx_word' id='word_1_247' title='bbox 849 3349 874 3430; x_wconf 77' lang='lat'><strong>⁸,</strong></span> <span class='ocrx_word' id='word_1_248' title='bbox 902 3351 1071 3431; x_wconf 87' lang='lat' dir='ltr'><strong>„instruito</strong></span> <span class='ocrx_word' id='word_1_249' title='bbox 1086 3371 1139 3416; x_wconf 89' lang='lat' dir='ltr'><strong>me</strong></span> <span class='ocrx_word' id='word_1_250' title='bbox 1154 3350 1188 3416; x_wconf 91' lang='lat' dir='ltr'><strong>in</strong></span> <span class='ocrx_word' id='word_1_251' title='bbox 1205 3347 1302 3434; x_wconf 91' lang='lat' dir='ltr'><strong>spiritu</strong></span> 
     </span>
     <span class='ocr_line' id='line_1_30' title="bbox 152 3454 1302 3540; baseline -0.007 -18"><span class='ocrx_word' id='word_1_252' title='bbox 152 3455 409 3523; x_wconf 85' lang='lat' dir='ltr'><strong>mansuetudinis</strong></span> <span class='ocrx_word' id='word_1_253' title='bbox 433 3463 467 3522; x_wconf 90' lang='lat' dir='ltr'><strong>et</strong></span> <span class='ocrx_word' id='word_1_254' title='bbox 489 3456 643 3535; x_wconf 83' lang='lat' dir='ltr'><strong>lenitatis,</strong></span> <span class='ocrx_word' id='word_1_255' title='bbox 667 3454 883 3538; x_wconf 88' lang='lat' dir='ltr'><strong>consyderans</strong></span> <span class='ocrx_word' id='word_1_256' title='bbox 905 3456 1064 3540; x_wconf 87' lang='lat' dir='ltr'><strong>teipsum</strong></span> <span class='ocrx_word' id='word_1_257' title='bbox 1079 3477 1121 3522; x_wconf 87' lang='lat' dir='ltr'><strong>nc</strong></span> <span class='ocrx_word' id='word_1_258' title='bbox 1145 3462 1179 3522; x_wconf 89' lang='lat' dir='ltr'><strong>et</strong></span> <span class='ocrx_word' id='word_1_259' title='bbox 1200 3461 1236 3520; x_wconf 93' lang='lat' dir='ltr'><strong>tu</strong></span> <span class='ocrx_word' id='word_1_260' title='bbox 1249 3456 1302 3517; x_wconf 87' lang='lat' dir='ltr'><strong>ten·</strong></span> 
     </span>
     <span class='ocr_line' id='line_1_31' title="bbox 152 3554 1303 3645; baseline -0.007 -18"><span class='ocrx_word' id='word_1_261' title='bbox 152 3562 265 3629; x_wconf 83' lang='lat' dir='ltr'><strong>toris“.</strong></span> <span class='ocrx_word' id='word_1_262' title='bbox 297 3561 373 3640; x_wconf 81' lang='lat' dir='ltr'><strong>Qua</strong></span> <span class='ocrx_word' id='word_1_263' title='bbox 394 3561 494 3627; x_wconf 87' lang='lat' dir='ltr'><strong>verba</strong></span> <span class='ocrx_word' id='word_1_264' title='bbox 509 3561 646 3627; x_wconf 88' lang='lat' dir='ltr'><strong>multum</strong></span> <span class='ocrx_word' id='word_1_265' title='bbox 662 3559 874 3645; x_wconf 87' lang='lat' dir='ltr'><strong>ponderanda</strong></span> <span class='ocrx_word' id='word_1_266' title='bbox 890 3565 974 3640; x_wconf 89' lang='lat' dir='ltr'><strong>sunt,</strong></span> <span class='ocrx_word' id='word_1_267' title='bbox 995 3561 1080 3626; x_wconf 91' lang='lat' dir='ltr'><strong>sicut</strong></span> <span class='ocrx_word' id='word_1_268' title='bbox 1094 3561 1204 3627; x_wconf 91' lang='lat' dir='ltr'><strong>omnia</strong></span> <span class='ocrx_word' id='word_1_269' title='bbox 1219 3554 1303 3626; x_wconf 86' lang='lat' dir='ltr'><strong>Pauli.</strong></span> 
     </span>
    </p>

    <p class='ocr_par' dir='ltr' id='par_1_4' title="bbox 152 3665 1306 3963">
     <span class='ocr_line' id='line_1_32' title="bbox 242 3665 1303 3752; baseline -0.008 -19"><span class='ocrx_word' id='word_1_270' title='bbox 242 3667 286 3734; x_wconf 88' lang='lat' dir='ltr'><strong>Tc</strong></span> <span class='ocrx_word' id='word_1_271' title='bbox 310 3667 410 3752; x_wconf 90' lang='lat' dir='ltr'><strong>igitur</strong></span> <span class='ocrx_word' id='word_1_272' title='bbox 432 3668 549 3732; x_wconf 88' lang='lat' dir='ltr'><strong>iterum</strong></span> <span class='ocrx_word' id='word_1_273' title='bbox 570 3672 669 3751; x_wconf 89' lang='lat' dir='ltr'><strong>atque</strong></span> <span class='ocrx_word' id='word_1_274' title='bbox 684 3667 802 3732; x_wconf 90' lang='lat' dir='ltr'><strong>iterum</strong></span> <span class='ocrx_word' id='word_1_275' title='bbox 819 3686 885 3747; x_wconf 88' lang='lat' dir='ltr'><strong>cro,</strong></span> <span class='ocrx_word' id='word_1_276' title='bbox 907 3665 1119 3750; x_wconf 85' lang='lat' dir='ltr'><strong>obtestorque</strong></span> <span class='ocrx_word' id='word_1_277' title='bbox 1134 3686 1195 3752; x_wconf 90' lang='lat' dir='ltr'><strong>pro</strong></span> <span class='ocrx_word' id='word_1_278' title='bbox 1210 3671 1303 3732; x_wconf 85' lang='lat' dir='ltr'><strong>vetere</strong></span> 
     </span>
     <span class='ocr_line' id='line_1_33' title="bbox 152 3765 1305 3857; baseline -0.007 -17"><span class='ocrx_word' id='word_1_279' title='bbox 152 3779 265 3840; x_wconf 88' lang='lat' dir='ltr'><strong>nostra</strong></span> <span class='ocrx_word' id='word_1_280' title='bbox 292 3772 515 3857; x_wconf 87' lang='lat' dir='ltr'><strong>conjunctione</strong></span> <span class='ocrx_word' id='word_1_281' title='bbox 547 3792 586 3837; x_wconf 88' lang='lat' dir='ltr'><strong>sc</strong></span> <span class='ocrx_word' id='word_1_282' title='bbox 609 3770 864 3852; x_wconf 88' lang='lat' dir='ltr'><strong>necessitudine,</strong></span> <span class='ocrx_word' id='word_1_283' title='bbox 894 3791 1019 3856; x_wconf 86' lang='lat' dir='ltr'><strong>proque</strong></span> <span class='ocrx_word' id='word_1_284' title='bbox 1042 3793 1170 3838; x_wconf 89' lang='lat' dir='ltr'><strong>summa</strong></span> <span class='ocrx_word' id='word_1_285' title='bbox 1193 3765 1305 3838; x_wconf 91' lang='lat' dir='ltr'><strong>meaiu</strong></span> 
     </span>
     <span class='ocr_line' id='line_1_34' title="bbox 152 3876 1306 3963; baseline -0.004 -18"><span class='ocrx_word' id='word_1_286' title='bbox 152 3883 186 3945; x_wconf 86' lang='lat' dir='ltr'><strong>te</strong></span> <span class='ocrx_word' id='word_1_287' title='bbox 210 3877 437 3958; x_wconf 80' lang='lat' dir='ltr'><strong>benivolentia,</strong></span> <span class='ocrx_word' id='word_1_288' title='bbox 461 3883 495 3943; x_wconf 90' lang='lat' dir='ltr'><strong>et</strong></span> <span class='ocrx_word' id='word_1_289' title='bbox 517 3882 575 3943; x_wconf 89' lang='lat' dir='ltr'><strong>tua</strong></span> <span class='ocrx_word' id='word_1_290' title='bbox 598 3876 630 3942; x_wconf 92' lang='lat' dir='ltr'><strong>in</strong></span> <span class='ocrx_word' id='word_1_291' title='bbox 654 3897 704 3941; x_wconf 88' lang='lat' dir='ltr'><strong>mc</strong></span> <span class='ocrx_word' id='word_1_292' title='bbox 727 3876 867 3960; x_wconf 88' lang='lat' dir='ltr'><strong>pariter,</strong></span> <span class='ocrx_word' id='word_1_293' title='bbox 898 3882 936 3943; x_wconf 92' lang='lat' dir='ltr'><strong>ut</strong></span> <span class='ocrx_word' id='word_1_294' title='bbox 957 3896 1017 3960; x_wconf 90' lang='lat' dir='ltr'><strong>pro</strong></span> <span class='ocrx_word' id='word_1_295' title='bbox 1040 3898 1092 3944; x_wconf 90' lang='lat' dir='ltr'><strong>me</strong></span> <span class='ocrx_word' id='word_1_296' title='bbox 1124 3879 1214 3963; x_wconf 87' lang='lat' dir='ltr'><strong>apud</strong></span> <span class='ocrx_word' id='word_1_297' title='bbox 1239 3893 1306 3961; x_wconf 85' lang='lat' dir='ltr'><strong>prc-</strong></span> 
     </span>
    </p>
   </div>
   <div class='ocr_carea' id='block_1_3' title="bbox 152 3975 1308 4178">
    <p class='ocr_par' dir='ltr' id='par_1_5' title="bbox 152 3975 1308 4178">
     <span class='ocr_line' id='line_1_35' title="bbox 152 3975 1307 4067; baseline -0.005 -17"><span class='ocrx_word' id='word_1_298' title='bbox 152 3980 368 4051; x_wconf 89' lang='lat' dir='ltr'><strong>clarissimum</strong></span> <span class='ocrx_word' id='word_1_299' title='bbox 392 3992 424 4049; x_wconf 89' lang='lat' dir='ltr'><strong>ct</strong></span> <span class='ocrx_word' id='word_1_300' title='bbox 447 3982 637 4067; x_wconf 86' lang='lat' dir='ltr'><strong>primarium</strong></span> <span class='ocrx_word' id='word_1_301' title='bbox 661 3980 826 4047; x_wconf 86' lang='lat' dir='ltr'><strong>doctorem</strong></span> <span class='ocrx_word' id='word_1_302' title='bbox 848 3980 1007 4047; x_wconf 88' lang='lat' dir='ltr'><strong>Jacobum</strong></span> <span class='ocrx_word' id='word_1_303' title='bbox 1030 3975 1206 4063; x_wconf 84' lang='lat' dir='ltr'><strong>decanum,</strong></span> <span class='ocrx_word' id='word_1_304' title='bbox 1228 3985 1307 4048; x_wconf 87' lang='lat' dir='ltr'><strong>cate·</strong></span> 
     </span>
     <span class='ocr_line' id='line_1_36' title="bbox 152 4070 1308 4178; baseline -0.003 -22"><span class='ocrx_word' id='word_1_305' title='bbox 152 4111 272 4178; x_wconf 87' lang='lat' dir='ltr'><strong>rosque</strong></span> <span class='ocrx_word' id='word_1_306' title='bbox 304 4089 591 4157; x_wconf 82' lang='lat' dir='ltr'><strong>excellentissimos</strong></span> <span class='ocrx_word' id='word_1_307' title='bbox 620 4085 825 4171; x_wconf 79' lang='lat' dir='ltr'><strong>amplissima</strong></span> <span class='ocrx_word' id='word_1_308' title='bbox 851 4086 959 4154; x_wconf 92' lang='lat' dir='ltr'><strong>laudis</strong></span> <span class='ocrx_word' id='word_1_309' title='bbox 990 4087 1161 4171; x_wconf 83' lang='lat' dir='ltr'><strong>doctores,</strong></span> <span class='ocrx_word' id='word_1_310' title='bbox 1197 4070 1308 4155; x_wconf 72' lang='lat' dir='ltr'><strong>theold</strong></span> 
     </span>
    </p>
   </div>
   <div class='ocr_carea' id='block_1_4' title="bbox 726 4262 744 4307">
    <p class='ocr_par' dir='ltr' id='par_1_6' title="bbox 726 4262 744 4307">
     <span class='ocr_line' id='line_1_37' title="bbox 726 4262 744 4307; baseline 0 0"><span class='ocrx_word' id='word_1_311' title='bbox 726 4262 744 4307; x_wconf 55' lang='lat'><em>2</em></span> 
     </span>
    </p>
   </div>
   <div class='ocr_carea' id='block_1_5' title="bbox 153 4351 1308 4515">
    <p class='ocr_par' dir='ltr' id='par_1_7' title="bbox 153 4351 1308 4515">
     <span class='ocr_line' id='line_1_38' title="bbox 172 4351 1308 4431; baseline 0.001 -25"><span class='ocrx_word' id='word_1_312' title='bbox 172 4376 175 4381; x_wconf 93' lang='lat'><em>·</em></span> <span class='ocrx_word' id='word_1_313' title='bbox 226 4361 239 4406; x_wconf 86' lang='lat'>1</span> <span class='ocrx_word' id='word_1_314' title='bbox 259 4356 374 4410; x_wconf 78' lang='lat' dir='ltr'><strong>Satistas</strong></span> <span class='ocrx_word' id='word_1_315' title='bbox 383 4354 425 4410; x_wconf 90' lang='lat' dir='ltr'><strong>bis</strong></span> <span class='ocrx_word' id='word_1_316' title='bbox 436 4351 513 4407; x_wconf 84' lang='lat' dir='ltr'><strong>Pauli</strong></span> <span class='ocrx_word' id='word_1_317' title='bbox 523 4351 695 4423; x_wconf 81' lang='lat' dir='ltr'><strong>ansgelasacn</strong></span> <span class='ocrx_word' id='word_1_318' title='bbox 713 4357 816 4408; x_wconf 63' lang='lat' dir='ltr'><strong>accim</strong></span> <span class='ocrx_word' id='word_1_319' title='bbox 829 4352 1001 4424; x_wconf 77' lang='lat' dir='ltr'><strong>congelasscn</strong></span> <span class='ocrx_word' id='word_1_320' title='bbox 1022 4357 1047 4411; x_wconf 82' lang='grc'><strong>3.</strong></span> <span class='ocrx_word' id='word_1_321' title='bbox 1065 4365 1092 4412; x_wconf 85' lang='lat' dir='ltr'><strong>ot</strong></span> <span class='ocrx_word' id='word_1_322' title='bbox 1105 4355 1275 4431; x_wconf 81' lang='lat' dir='ltr'><strong>atsgelasssn</strong></span> <span class='ocrx_word' id='word_1_323' title='bbox 1288 4354 1308 4408; x_wconf 80' lang='lat' dir='ltr'><strong>l.</strong></span> 
     </span>
     <span class='ocr_line' id='line_1_39' title="bbox 153 4440 952 4515; baseline 0.003 -19"><span class='ocrx_word' id='word_1_324' title='bbox 153 4440 221 4500; x_wconf 74' lang='lat' dir='ltr'><strong>aar</strong></span> <span class='ocrx_word' id='word_1_325' title='bbox 244 4443 415 4515; x_wconf 85' lang='lat' dir='ltr'><strong>ausgalassen</strong></span> <span class='ocrx_word' id='word_1_326' title='bbox 434 4447 459 4497; x_wconf 78' lang='lat' dir='ltr'><strong>t.</strong></span> <span class='ocrx_word' id='word_1_327' title='bbox 532 4446 547 4497; x_wconf 73' lang='grc' dir='ltr'><strong><em>Β</em></strong></span> <span class='ocrx_word' id='word_1_328' title='bbox 567 4444 726 4513; x_wconf 73' lang='lat' dir='ltr'><strong>spirituales</strong></span> <span class='ocrx_word' id='word_1_329' title='bbox 751 4446 776 4499; x_wconf 75' lang='lat'><strong>8.</strong></span> <span class='ocrx_word' id='word_1_330' title='bbox 794 4444 853 4498; x_wconf 81' lang='lat' dir='ltr'><strong>Gal.</strong></span> <span class='ocrx_word' id='word_1_331' title='bbox 872 4446 902 4511; x_wconf 84' lang='lat'><strong>6,</strong></span> <span class='ocrx_word' id='word_1_332' title='bbox 929 4450 952 4498; x_wconf 87' lang='lat'><strong>1.</strong></span> 
     </span>
    </p>
   </div>
   <div class='ocr_carea' id='block_1_6' title="bbox 0 0 1362 4898">
    <p class='ocr_par' dir='ltr' id='par_1_8' title="bbox 0 0 1362 4898">
     <span class='ocr_line' id='line_1_40' title="bbox 0 0 1362 4898; baseline 0 2"><span class='ocrx_word' id='word_1_333' title='bbox 0 0 1362 4898; x_wconf 95' lang='lat' dir='ltr'><strong> </strong></span> 
     </span>
    </p>
   </div>
  </div>
 </body>
</html>
