2716 4898
643 293 707 358 348

94 485 207 569 possit,
229 482 369 568 garrulis
399 481 657 548 cavillationibus
687 481 817 559 delusit,
850 479 1034 547 mercedem
1058 480 1198 566 negavit,
1217 480 1256 547 ni·

95 589 141 656 hil
164 588 284 656 debere
313 591 468 674 magistro
498 589 691 673 propalavit.
739 589 806 672 Ego
840 608 916 653 vero
950 608 1024 655 cum
1056 592 1091 654 et
1117 587 1255 672 apudte

83 694 333 781 philosophiam
358 702 392 760 et
414 694 553 761 honores
576 694 715 779 adeptus
745 695 815 773 sim,
839 715 900 759 nun
927 694 1019 759 valeo
1044 715 1166 776 negare
1189 692 1255 759 nihil

93 822 146 867 me
169 801 231 866 tibi
246 801 375 879 debere,
399 802 448 865 vir
469 801 616 884 apprime
632 800 780 880 celebris,
804 798 861 863 sed
884 799 1075 883 potiusque
1097 819 1196 883 pares
1216 821 1256 864 re-

93 906 198 973 feram
220 908 343 990 gratias
366 906 445 971 nibil
461 905 591 971 habere.
615 905 682 972 Nee
705 905 739 971 id
762 903 849 989 apud
866 911 899 970 te
924 902 1073 969 confiteri
1096 902 1192 988 plane
1212 926 1255 969 ve·

94 1034 170 1077 reor
192 1033 231 1078 ac
255 1012 411 1077 erubesco
435 1032 506 1075 cum
539 1018 572 1076 et
602 1010 810 1077 Aristotelem
839 1009 1066 1093 hujuscemodi
1088 1016 1254 1094 praeeepto

95 1118 186 1183 ribus
202 1118 268 1183 suis
285 1116 465 1182 confessum
489 1115 667 1198 intelligam
691 1122 891 1200 caeterosque
908 1115 1119 1200 philosophos
1135 1137 1197 1182 non
1216 1116 1254 1181 iu·

95 1223 217 1289 doctos.
263 1222 401 1288 Tantam
430 1223 512 1286 enim
538 1221 813 1300 benevolentiam,
845 1228 939 1286 tanta
971 1242 1034 1285 non
1059 1221 1169 1286 dicam
1197 1220 1251 1288 offi-

95 1328 150 1406 tia,
175 1327 232 1392 sed
256 1334 291 1392 et
314 1326 464 1393 benefitia
487 1329 518 1390 in
543 1348 594 1392 me
616 1327 791 1407 contulisti,
814 1327 910 1392 simul
934 1333 968 1391 et
983 1347 1120 1393 accessu
1144 1333 1251 1410 tempu·

95 1434 140 1498 ris
163 1431 366 1513 conseres,o
400 1431 625 1497 colendissimo
655 1433 819 1516 magister,
848 1440 885 1497 ut
917 1431 1049 1497 beatum
1073 1453 1126 1496 me
1151 1431 1250 1497 saltem

94 1538 323 1623 reputaverim,
356 1538 381 1602 si
406 1557 468 1602 non
501 1537 644 1621 paribus,
675 1537 733 1604 sed
762 1536 940 1622 imparibus
970 1537 1097 1602 meritis
1121 1559 1183 1603 non
1204 1537 1250 1619 lin·

95 1641 207 1730 quam)
230 1643 378 1728 redigere
394 1665 500 1728 neque
524 1643 648 1710 referre
672 1644 729 1710 sed
753 1644 804 1710 vel
827 1642 976 1709 rebibere
1001 1642 1120 1709 saltem
1143 1641 1249 1728 aliquid

94 1750 290 1815 aestimarem
305 1749 426 1834 gratim.
467 1748 561 1828 Quod
583 1750 740 1833 placitum
764 1749 940 1835 aliquando
964 1748 1034 1814 fore
1058 1748 1248 1826 censuissem,

93 1855 193 1938 igitur
216 1876 288 1922 cum
312 1855 398 1920 viros
421 1876 536 1939 graves
559 1855 717 1922 hacteuus
734 1877 862 1939 semper
885 1861 1011 1920 amatos
1035 1876 1056 1918 a
1080 1860 1113 1920 te
1138 1854 1247 1920 videam

95 1966 130 2025 et
151 1960 308 2044 imprimis
325 1959 501 2040 Socratem,
526 1961 565 2025 de
590 1982 653 2046 quo
678 1961 867 2045 saepiuscule
891 1960 991 2026 verba
1014 1959 1124 2026 lacere
1149 1960 1247 2028 solitus

95 2087 130 2130 es
156 2065 241 2130 inter
256 2065 431 2149 discipulos
448 2073 521 2132 tuos
538 2066 761 2132 adolescentes
778 2067 942 2151 ingenuos,
964 2065 1141 2132 admodum
1157 2066 1247 2131 animo

94 2168 215 2236 tacitus
238 2191 363 2235 mecum
387 2172 456 2254 ipso
482 2171 666 2251 volvebam,
691 2171 778 2237 haud
811 2172 972 2255 ingratum
1003 2171 1064 2236 tibi
1100 2172 1169 2237 lore
1196 2194 1247 2236 mu-

95 2275 264 2341 nusculum
296 2277 426 2341 tametsi
459 2278 564 2342 minus
599 2279 747 2356 minimo,
780 2276 837 2342 sed
862 2283 970 2342 tamen
994 2277 1155 2361 ejusmodi
1178 2275 1249 2364 quod

95 2403 136 2447 ex
165 2380 352 2466 praecordiis
382 2384 501 2448 amoris
531 2405 608 2466 erga
639 2390 672 2448 te
700 2383 763 2448 mei
795 2381 920 2447 videam
943 2382 1161 2465 processisse3
1191 2405 1250 2459 non,

95 2487 237 2573 inquam,
265 2487 425 2570 ingratam
457 2488 519 2554 tibi
550 2510 619 2554 rem
650 2489 719 2554 fore
749 2510 819 2554 sum
853 2487 1043 2568 arbitratus,
1074 2491 1101 2554 si
1127 2489 1249 2575 quasin

94 2591 218 2658 aedibus
242 2594 306 2657 tuis
329 2592 454 2676 pridem
471 2593 583 2658 literas
599 2615 720 2678 graecas
743 2594 868 2660 discere
892 2595 984 2678 eoepi,
1009 2617 1065 2660 eas
1083 2595 1143 2662 hoc
1168 2602 1251 2680 pacto

95 2705 160 2764 tuae
183 2697 402 2764 beneficentiae
426 2700 642 2778 ostenderem,
674 2707 710 2766 ut
740 2701 919 2765 orationem
951 2720 1049 2785 quam
1072 2701 1253 2787 Xenophon·

72 2804 137 2901 ¹tis
160 2803 333 2888 perhibent
367 2826 426 2888 pro
451 2804 584 2870 Socrate
609 2806 696 2890 apud
731 2805 857 2889 judices
886 2806 919 2869 in
951 2827 1016 2890 qua
1039 2828 1142 2892 prope
1166 2805 1254 2875 studi·

95 2930 187 2975 orum
218 2929 362 2976 meorum
386 2910 480 2976 initia
502 2912 624 2995 sumpsi
648 2933 719 2978 eam
739 2913 748 2949 ¹
782 2932 820 2976 ex
844 2931 948 2995 graeea
972 2911 1033 2976 tibi
1057 2912 1192 2979 latinam
1215 2919 1255 2978 ut

659 3057 676 3096 'l‘

170 3166 181 3210 l
202 3177 257 3212 cam
274 3163 393 3214 zweimal
409 3163 445 3214 im
464 3180 539 3214 mser.
566 3165 642 3215 Diese
661 3164 836 3229 iibersetzung
855 3165 886 3227 (s.
905 3170 952 3230 ru),
972 3167 1022 3216 wie
1040 3182 1089 3217 aus
1108 3166 1158 3218 deu
1178 3165 1256 3218 walter

95 3248 235 3315 folgenden
261 3257 360 3302 worten
385 3252 554 3318 hervorgeht,
581 3253 722 3302 Reuchlins
745 3258 828 3303 erster
851 3253 1124 3304 schriitstellerischcr
1147 3253 1256 3312 versuch,

95 3336 130 3387 ist
153 3337 229 3389 nicht
251 3337 377 3389 erhalten.
415 3339 487 3389 lincb
512 3339 608 3390 diesem
633 3339 851 3407 widmungsbrief
870 3340 961 3391 steben
985 3342 1013 3391 in
1038 3340 1084 3392 der
1103 3341 1257 3392 bandschrilt

95 3441 163 3476 zvvar
182 3425 224 3476 die
242 3432 334 3478 morte:
356 3426 394 3476 dd
414 3427 609 3478 celeberrimum
629 3427 715 3477 virum
734 3426 864 3477 Jacobum
885 3428 1007 3494 llngonis
1025 3429 1057 3478 de
1076 3430 1258 3480 Mummiinetcr

94 3513 231 3565 ‹lohannes
252 3515 378 3566 Reuehlin
397 3514 551 3582 phorcensis
569 3514 714 3578 transtulit,
735 3514 796 3565 aber
816 3516 857 3566 die
878 3517 927 3564 auf
942 3515 992 3566 deu
1012 3517 1140 3567 ntchsten
1158 3521 1189 3568 10
1202 3516 1258 3566 bllt-

94 3609 152 3652 tern
177 3601 222 3652 der
250 3603 417 3654 baudachrift
439 3603 629 3670 mitgetheilten
653 3604 745 3655 atholia
769 3604 902 3654 cnthultcn
931 3604 1018 3654 nichts
1043 3604 1258 3656 Rencblinieches.

97 3688 227 3740 Vielmehr
250 3691 352 3742 werden
378 3691 509 3742 diuselben
535 3691 666 3756 angellillt
690 3691 772 3742 durch
798 3692 840 3742 ein
866 3691 1002 3742 schreiben
1028 3708 1075 3741 zur
1098 3693 1259 3758 empieblung

94 3775 141 3828 der
165 3779 322 3844 grammatik
348 3779 392 3828 des
418 3779 546 3829 Nikoluus
571 3780 706 3841 Perottus,
738 3779 924 3830 verschiedene
949 3779 1043 3840 bricia,
1074 3795 1122 3830 aus
1152 3779 1258 3838 viterbo,

96 3865 184 3916 skal.
204 3881 266 3916 nov,
292 3869 373 3928 14693
398 3867 443 3917 des
460 3867 523 3918 Jolr.
545 3867 603 3917 Gal.
623 3868 713 3918 Sforaa
738 3884 763 3917 u.
783 3885 807 3917 a.
843 3867 918 3918 Doch
943 3866 1064 3917 ersahren
1087 3868 1135 3918 wir
1156 3866 1259 3919 vender

95 3953 316 4005 chcblirrischen
330 3955 504 4020 iibersetaung
523 3955 606 4006 durch
628 3954 716 4007 diesen
735 3955 805 4006 brief
821 3955 895 4005 nieht
912 3971 971 4005 zeum
991 3961 1077 4005 ersten
1098 3955 1160 4005 mal.
1199 3953 1259 4005 Viel-

94 4041 167 4091 mehr
186 4056 239 4091 vvar
257 4042 300 4092 ein
318 4041 389 4092 brief
404 4042 448 4092 des
465 4042 569 4093 conrad
582 4043 739 4095 Leontorius
758 4059 792 4093 an
810 4043 899 4093 Jakob
912 4041 1093 4110 Wimpheling
1111 4043 1195 4107 (1494
1212 4040 1258 4107 vgl.

94 4144 129 4178 m.
148 4128 278 4179 Reuchlin
297 4145 318 4179 s.
338 4131 372 4180 94
391 4145 414 4180 a.
436 4133 462 4194 4)
482 4131 610 4193 bekannt,
637 4132 664 4181 in
683 4130 808 4183 walchem
826 4134 913 4196 Joner,
937 4131 1031 4181 bebuis
1050 4130 1122 4182 einer
1141 4131 1258 4182 vollstltn·

93 4215 172 4282 digen
197 4217 359 4284 uuiathlung
382 4219 408 4268 iu
429 4219 572 4270 Tritbeims
594 4219 851 4285 gelehrtenlexilron,
879 4220 1021 4270 Reueblins
1047 4219 1188 4281 schriiten,
1212 4215 1259 4267 und

94 4310 172 4354 untur
195 4303 335 4356 denselben
358 4307 426 4363 auch
449 4323 542 4366 ansere
567 4307 741 4377 iibersetanng
766 4308 892 4360 erwahnt.
930 4307 973 4357 Sic
991 4307 1095 4361 scheiut
1112 4306 1177 4363 aber
1194 4303 1258 4359 nicht

97 4391 214 4444 erbalten
233 4407 265 4442 au
285 4392 348 4452 selu,
