2716 4898
655 268 791 339 15‘

91 483 145 549 que
169 486 245 529 cum
269 487 398 549 semper
420 470 531 545 autea,
556 471 623 530 tum
648 465 756 542 etiam,
782 465 889 548 quoad
912 465 1032 547 vixero,
1056 466 1255 532 charissime.

91 571 162 635 Vale
190 573 225 635 in
242 571 373 637 Christo
401 572 549 637 feliciter.
596 573 645 635 Ex
674 570 862 654 Stutgardia
889 578 938 635 ΙΙ.
963 572 1012 636 ΚΙ.
1037 573 1116 655 Aug.
1163 573 1255 638 Anno

92 681 182 741 1488.
237 678 279 741 bl.
304 678 450 742 loannes
474 676 629 741 Reuohlin
653 676 846 742 Phorcensis
869 678 904 741 ll.
928 678 963 741 L.
988 678 1117 743 Doctor.

176 792 190 844 l
212 809 254 839 =
271 777 656 846 Sammelbandde1·Basler
672 787 830 846 bibliotbek
848 787 927 858 (msc.
945 788 980 845 bl.
1003 788 1055 862 111,
1076 788 1138 862 15.)
1156 787 1204 846 fol.
1227 792 1253 846 1.

638 962 705 1028 XV.

155 1051 298 1117 stuttgart.
1144 1053 1219 1101 1488.

112 1155 172 1230 dc.
203 1156 387 1231 Reuchlin
415 1155 635 1231 Phorccnsis
664 1155 700 1230 S.
731 1155 775 1229 ll.
805 1155 847 1230 P.
907 1156 1054 1230 Doctori
1082 1157 1228 1231 ,laicobo

181 1280 332 1354 Loubcr
351 1280 530 1380 Supremo
550 1278 782 1353 Chartbusiae
802 1280 1016 1353 Basilicnsis
1036 1281 1148 1355 Patri.

172 1429 274 1492 Recte
298 1426 423 1491 felicem
442 1426 586 1510 judicavi
609 1426 753 1509 proxime
778 1434 930 1511 quartum
953 1427 1118 1493 Kalendas
1141 1427 1256 1493 lunias

89 1538 174 1598 tuam
199 1533 429 1617 dignationem,
446 1554 518 1598 cum
541 1532 674 1597 aderam
697 1532 730 1596 in
754 1532 834 1597 aede
858 1539 925 1612 tua,
951 1534 1037 1618 quod
1061 1541 1092 1598 te
1116 1534 1257 1618 accepis-

90 1660 150 1703 sem
177 1638 266 1703 relut
281 1636 420 1702 alterum
436 1637 589 1703 Jarcbam
613 1641 699 1703 inter
715 1638 839 1703 divinos
856 1639 1075 1704 Brachmanos
1092 1640 1123 1703 in
1141 1645 1256 1705 senatu

89 1745 157 1810 istie
182 1767 256 1809 cum
280 1744 443 1827 praefectis
467 1744 572 1809 ordini
601 1743 782 1828 festivoque
811 1743 923 1808 sedere
948 1751 1115 1809 conventu.
1162 1745 1256 1810 Unde

89 1851 171 1934 quod
196 1857 306 1915 tecum
330 1873 389 1934 pro
418 1857 531 1915 nostra
553 1849 642 1914 haud
665 1848 798 1933 ignobili
823 1850 1054 1916 consuetudine
1078 1873 1187 1916 coram
1211 1851 1257 1915 lo-

89 1964 178 2022 cutus
209 1957 344 2022 fuissem
371 1957 405 2021 id
433 1956 540 2021 facere
569 1956 638 2021 sola
667 1978 739 2020 mea
763 1957 945 2021 reverentia
969 1978 1040 2022 sum
1063 1956 1256 2041 prohibitus.

89 2062 230 2127 Tametsi
260 2061 405 2127 nonnihil
432 2083 532 2145 penes
564 2067 596 2126 te
627 2062 705 2126 mibi
732 2067 801 2126 tum
825 2061 886 2126 fuit
910 2063 1033 2146 negocii
1058 2062 1142 2146 quod
1168 2067 1255 2127 certe

91 2167 223 2233 daturus
255 2189 326 2232 sum
357 2189 488 2250 operam
519 2190 604 2233 nunc
628 2173 716 2232 tuam
742 2167 959 2252 dignationem
984 2190 1043 2251 per
1066 2168 1193 2233 litteras
1216 2189 1255 2232 ne

91 2272 197 2338 celem.
245 2272 338 2337 Facit
360 2273 496 2351 Jacobs,
520 2273 568 2337 vir
585 2273 724 2338 omnium
737 2274 835 2357 justis
859 2274 899 2338 de
916 2275 1021 2338 causis
1041 2274 1257 2357 integerrime,

91 2378 133 2442 vel
167 2379 368 2443 incredibilis
392 2399 464 2443 mea
489 2400 565 2462 erga
593 2385 626 2444 tc
650 2380 814 2444 veneratio
839 2378 889 2444 vel
913 2378 1073 2444 excellens
1098 2385 1156 2444 tua
1184 2401 1257 2444 cum

92 2485 263 2551 sanctitate
291 2485 462 2569 conjuncta
493 2485 678 2550 humanitas
709 2485 759 2550 vel
790 2484 960 2569 utriusque
993 2491 1139 2550 nostrum
1169 2485 1256 2549 inter

91 2611 143 2656 nos
175 2596 290 2654 mutua
323 2590 554 2670 benivolentia,
583 2602 620 2655 ut
650 2592 807 2656 audacter
836 2611 875 2654 ea
901 2590 960 2654 abs
991 2596 1022 2655 te
1052 2597 1164 2673 petere
1193 2612 1256 2655 uon

92 2695 267 2775 formidem,
293 2717 376 2779 quae
402 2704 435 2761 et
458 2695 518 2760 tibi
541 2718 603 2760 non
629 2696 735 2761 obsint
758 2695 885 2761 etmihi
901 2696 1055 2778 prodesse
1071 2696 1201 2761 valeant
1224 2702 1258 2761 et

92 2802 127 2866 ab
160 2802 320 2866 universis
350 2808 419 2865 tum
450 2801 536 2885 apud
569 2798 671 2867 Deum
701 2807 770 2866 tum
800 2800 887 2884 apud
910 2800 1054 2867 homines
1078 2801 1258 2868 laudabilia

93 2906 258 2973 ducantur.
304 2907 341 2971 ld
365 2929 423 2989 ego
447 2908 474 2972 si
498 2907 606 2986 doceo,
632 2907 659 2972 si
682 2907 812 2990 planum
837 2907 920 2971 facio
945 2908 976 2971 in
1001 2907 1061 2972 hac
1087 2907 1257 2991 quantula-

92 3035 225 3098 cumque
241 3034 341 3078 causa
356 3035 429 3078 mea
445 3013 588 3078 futurum
607 3014 755 3097 equidem
772 3013 858 3078 baud
874 3014 915 3078 ab
938 3035 972 3078 re
990 3035 1173 3096 speravere,
1197 3013 1256 3078 has

91 3141 175 3186 meas
200 3120 260 3185 abs
278 3126 310 3183 te
327 3119 453 3184 litteras
477 3141 540 3185 uon
563 3124 688 3183 tautum
714 3119 828 3196 audiri,
853 3141 964 3184 verum
989 3120 1085 3183 etiam
1111 3119 1257 3184 exaudiri

92 3226 213 3291 decere.
262 3225 310 3289 Tu
342 3225 403 3290 tibi
431 3225 629 3308 persuadeas
658 3224 752 3289 velim
780 3224 814 3288 id
845 3225 932 3309 quod
962 3225 1004 3288 ad
1033 3246 1101 3288 rem
1130 3226 1257 3304 attinet,

92 3353 159 3397 cum
177 3314 288 3396 omnes
305 3331 431 3395 vivendi
454 3331 566 3395 modos
591 3331 705 3413 cogito,
729 3331 775 3394 nil
795 3351 845 3394 me
866 3328 1096 3414 praestabilius
1113 3330 1158 3394 nil
1174 3328 1258 3395 fruc·

91 3440 213 3503 tuosius
241 3436 286 3500 nil
317 3437 429 3501 utilius
457 3437 508 3501 vel
539 3436 582 3500 ad
612 3437 697 3501 vitae
726 3436 960 3501 beatitudinem
989 3435 1177 3518 pariendam
1207 3433 1258 3502 vel

91 3544 128 3608 ad
145 3565 219 3608 eam
237 3542 490 3607 conservandam
506 3541 669 3621 arbitrari,
694 3564 791 3625 quam
815 3550 850 3606 ut
875 3542 929 3625 qui
946 3542 1033 3606 docti
1055 3542 1258 3607 nominamur

91 3647 313 3734 frequentibus
336 3669 394 3714 nos
416 3649 599 3712 litterarum
617 3647 733 3712 studiis
757 3654 790 3713 et
813 3646 968 3712 librorum
993 3647 1256 3729 revolutionibus

91 3755 196 3838 quoad
228 3753 299 3819 fieri
330 3754 446 3837 possit,
479 3775 575 3839 quam
605 3753 800 3818 creberrime
833 3752 1069 3818 inhaereamus.
1117 3754 1257 3820 Maxime

90 3879 161 3926 aero
187 3862 275 3926 circa
298 3882 337 3925 ea
359 3860 571 3925 insistendum
587 3865 667 3944 puto
692 3880 763 3943 quae
779 3858 963 3941 religiosam
980 3859 1174 3942 sapientiam
1189 3878 1257 3943 praa

90 3984 120 4029 se
144 3966 256 4030 ferunt
279 3972 472 4050 nostrosque
496 3967 656 4049 cogitatus
680 3964 722 4029 ad
738 3964 902 4044 caelestia,
926 3972 964 4028 ut
979 3964 1099 4030 ferrum
1115 3984 1256 4047 magnes,

91 4071 260 4136 attrabunt
282 4071 411 4137 Christo
435 4073 643 4156 praecipiente
668 4071 723 4154 qui
746 4071 793 4134 ait
825 4069 1015 4135 scrutamini
1042 4072 1052 4109 ¹
1078 4071 1256 4153 scripturas

91 4179 240 4257 quoniam
263 4199 318 4243 vos
341 4179 374 4242 in
397 4179 475 4262 ipsis
500 4176 651 4243 videmini
675 4177 774 4240 vitam
799 4181 953 4241 aeternam
977 4175 1106 4240 habere.

669 4306 687 4343 dt

164 4399 173 4443 l
195 4392 258 4446 Job.
278 4399 303 4459 ὓ,
323 4399 366 4448 39.
