2716 4898
653 261 719 326 228

101 452 222 537 itaque,
245 459 283 517 ut
305 452 366 517 hac
392 450 542 516 molestia
575 472 626 516 me
648 451 781 532 liberes,
815 450 985 535 literisque
1007 450 1074 516 tuis
1099 450 1273 549 certiorem

98 580 151 623 me
174 559 293 624 reddas
316 556 587 642 quemadmodum
611 579 695 623 nunc
719 565 828 622 tecum
852 563 978 639 agatur,
1002 556 1123 640 quidve
1148 557 1286 623 roboris.

100 663 223 730 habeat
246 661 411 728 definitiva
444 663 499 727 illa
535 663 696 728 sententia
720 663 822 747 Spirae
856 682 915 745 pro
946 669 979 726 to
1002 668 1128 746 tuoque
1153 662 1306 739 honorQ

99 768 298 835 defensando
323 769 400 833 lata.
434 768 554 852 Accepi
577 791 693 853 nempe
717 791 784 834 rem
809 768 849 832 de
873 789 955 833 noro
978 768 1010 831 in
1036 768 1121 833 urba
1138 769 1256 852 agitari
1293 806 1306 857 :

100 874 163 940 fuit
184 876 263 939 milri
298 881 332 940 et
363 875 458 939 fratri
481 874 630 939 Conrado
655 873 817 939 Pellieano
840 873 1071 957 Rubeaquensi
1100 875 1158 957 qui
1182 860 1306 957 supass

99 981 241 1047 rioribus
264 979 379 1045 diebus
402 980 489 1064 apud
512 1002 571 1045 nos
594 980 657 1044 luit
680 979 719 1043 de
743 987 776 1045 te
792 1000 899 1045 sermo
915 984 949 1043 et
965 978 1089 1044 multus
1106 986 1141 1044 et
1156 981 1298 1066 sarion·

99 1085 327 1151 Gratissimum
350 1087 460 1169 itaque
485 1085 562 1149 mihi
586 1085 711 1163 leceris,
734 1085 762 1150 si
786 1084 826 1150 de
850 1086 934 1149 omni
958 1106 993 1149 re
1017 1091 1077 1149 tua
1101 1085 1288 1166 certiorem

100 1213 151 1257 me
176 1191 368 1271 reddideris,
392 1213 454 1256 non
485 1213 562 1256 sane
587 1191 702 1275 quod¹
727 1197 795 1254 tam
819 1198 977 1274 appetens
1003 1191 1065 1254 sim
1081 1191 1274 1282 novitatum,

99 1298 157 1362 sed
180 1298 355 1376 duntaxat,
388 1304 426 1362 ut
457 1297 595 1362 habeam
628 1297 714 1381 quod
747 1318 822 1361 vere
853 1297 1004 1380 objiciam
1027 1294 1266 1369 detractoribus

100 1404 166 1469 tuis
201 1408 234 1467 et
265 1409 393 1487 partem
424 1403 686 1468 adversariorum
717 1410 850 1467 tuorum
882 1401 1145 1468 defendentibus.
1189 1400 1257 1470 Vale

101 1514 245 1574 dnonas
269 1509 419 1575 Octobris
446 1514 540 1574 1524.

189 1637 261 1696 Mse.
279 1637 430 1712 Elleubog.
447 1636 497 1696 lib.
513 1637 542 1695 Η
558 1638 642 1713 epist.
661 1641 700 1697 71
718 1636 767 1698 fol.
788 1632 878 1696 1471).

570 1896 798 1963 CLXXXXIV.

173 1983 313 2049 stuttgart.
1035 1981 1132 2033 soka.
1154 1980 1218 2029 1514.

97 2071 123 2146 J
125 2096 262 2146 oannes
280 2071 464 2146 Reuchliu
482 2074 701 2148 Phoroensis
729 2074 832 2148 fiatri
848 2072 1007 2147 Nicolao
1024 2068 1204 2166 Ellanbog
1216 2062 1243 2138 S.

187 2235 260 2302 Noli
284 2236 419 2302 obsecro
444 2238 483 2302 de
507 2259 580 2302 mea
603 2260 703 2303 causa
726 2239 820 2304 nimis
836 2259 907 2303 esse
924 2236 1093 2303 sollicitus.
1132 2234 1163 2299 Si
1179 2230 1247 2296 enim

99 2342 184 2426 pilus
201 2342 337 2408 hominis
354 2365 417 2409 non
433 2343 522 2408 cadit
544 2345 577 2407 in
601 2350 724 2410 terram
739 2345 807 2409 siue
824 2343 928 2427 patris
943 2341 1123 2419 voluntate,
1146 2339 1247 2423 quanto

98 2448 203 2515 minus
237 2455 344 2533 caput.
393 2450 437 2513 Mi
468 2450 609 2530 Nicolae,
643 2452 750 2514 omnia
783 2448 1046 2533 cooperabuntur
1072 2447 1107 2510 in
1141 2444 1248 2509 bonum.

98 2553 231 2620 Obtinui
254 2556 449 2620 seutentiam
473 2556 672 2619 diffinitivam
700 2576 796 2639 quam
818 2554 1020 2638 theologistae
1045 2572 1138 2636 aequo
1161 2547 1249 2613 animo

96 2658 183 2725 ferre
205 2681 269 2726 non
291 2667 436 2744 possunt,
461 2683 561 2745 quare
585 2660 739 2725 dicebant
762 2682 797 2726 se
821 2658 1037 2743 appellavisse
1061 2657 1133 2722 ad²
1157 2652 1250 2733 sedam

96 2765 318 2848 apostolicam.
365 2766 429 2832 Sed
452 2789 526 2831 cum
549 2768 596 2831 ita
620 2788 752 2832 causam
775 2764 1020 2849 suspenderent,
1045 2784 1158 2829 omnes
1181 2753 1251 2840 docti

97 2891 221 2935 mecum
245 2871 342 2956 hujus
365 2873 523 2956 opinionis
547 2881 623 2937 sunt
646 2872 733 2957 quod
756 2893 818 2937 uon
840 2871 981 2937 libenter
1002 2870 1035 2933 in
1060 2869 1184 2934 curiam
1203 2865 1251 2928 uo-

97 2995 236 3056 manam,
260 2978 314 3042 ubi
337 2985 414 3042 sunt
436 2980 495 3042 viri
519 2979 706 3057 doctissimi,
726 2978 848 3063 judicio
873 2977 1083 3042 contendunt.
1130 2975 1172 3038 Et
1192 2969 1251 3035 ideo

98 3100 198 3146 causa
233 3103 295 3146 uon
318 3090 502 3166 prosecuta,
536 3089 573 3148 ut
604 3083 691 3167 vulgi
714 3104 810 3149 aures
840 3081 1003 3166 oppleant,
1035 3077 1252 3145 invocaverunt

98 3206 207 3268 regem
241 3188 385 3253 Franoiae
419 3211 478 3273 per
511 3189 729 3255 confessorem
762 3209 819 3254 seu
854 3188 961 3254 verius
991 3182 1252 3271 poenitentiarium

98 3293 222 3357 suum⁸
244 3295 417 3378 quemdam
441 3294 577 3359 fratrem
600 3295 640 3359 de
664 3295 776 3360 ordine
793 3294 1054 3378 praedicatorum,
1078 3297 1117 3357 ut
1139 3285 1252 3355 mandet

97 3396 247 3463 facultati
276 3399 452 3464 Parisiensi
479 3398 598 3464 librum
628 3421 735 3464 meum
766 3399 821 3483 qui
851 3399 970 3464 dicitur
1002 3398 1149 3464 ecclesia
1178 3411 1252 3460 scau·

96 3501 227 3569 dalosus
251 3504 475 3570 condemnent.
513 3505 565 3569 Illi
589 3504 698 3570 stolidi
721 3504 872 3570 doctores
895 3506 1019 3589 absque
1044 3501 1252 3569 commissione

97 3607 165 3672 ulla
189 3609 429 3690 ecclesiastica,
462 3610 530 3676 sine
554 3610 759 3690 auctoritate,
795 3631 854 3675 sua
877 3618 991 3694 sponte
1016 3632 1052 3676 se
1075 3604 1252 3694 ingerentes,

97 3718 134 3778 ut
157 3714 381 3798 complaceant
404 3716 587 3782 Coloniensi
610 3716 776 3796 facultati,
807 3738 905 3801 quam
929 3714 1102 3800 appellant
1125 3726 1252 3780 sororem

97 3839 188 3884 suam
212 3827 245 3885 et
261 3821 411 3886 doctores
428 3828 546 3886 vocant
561 3821 751 3901 confratres,
774 3821 919 3888 homines
936 3821 1180 3906 suspectissimi,
1201 3831 1252 3881 non

95 3924 314 4009 intelligentes
336 3925 478 4010 linguam
502 3927 718 4009 germanicam
741 3926 775 3990 in
798 3949 866 4011 qua
886 3928 1045 4011 scriptum
1070 3932 1121 3992 est
1137 3924 1252 3993 oculare

96 4031 272 4116 speculum,
295 4051 401 4114 neque
423 4031 726 4114 interpretationem
742 4032 1003 4099 adversariorum
1024 4055 1172 4101 meorum
1193 4043 1252 4095 cum

672 4175 689 4214 aa

169 4284 261 4346 lQuo
281 4295 357 4335 mser.
433 4281 509 4332 aad
528 4281 626 4349 ausgol.
645 4298 724 4336 mser.
798 4284 887 4339 3Das
910 4283 947 4340 iat
965 4283 1093 4343 Wilholm
1111 4286 1187 4352 Petit,
1204 4281 1250 4337 den

94 4365 175 4422 Faber
194 4370 236 4422 dio
256 4375 518 4441 cntgcgcngosataten
543 4371 726 4438 gosinuungen
749 4376 908 4442 ausehreibt,
935 4393 957 4430 s.
977 4393 1002 4430 o.
1022 4394 1080 4432 uro.
1102 4368 1249 4432 CLXXXXI·
