2716 4898
709 305 775 370 362

245 502 377 562 Vorrede
393 519 428 560 sn
445 501 584 560 erabisch.
602 500 683 560 Albr.
701 518 726 560 a.
747 508 781 561 ‘2¹²
793 549 817 563 ..
835 520 851 560 a
870 496 916 560 4¹».

260 607 368 668 Crocus
384 607 444 666 lobt
462 607 511 666 ihu
527 607 595 666 sehr
610 609 668 665 und
685 606 761 667 lathrt
776 609 854 667 daun
869 609 940 667 tort:

247 709 350 788 Quem
373 709 537 774 homiuum
563 708 603 773 de
627 717 660 773 te
684 709 944 793 pulcherrimam,
973 731 1051 774 sane
1079 709 1313 794 pulcherrimam

157 815 341 899 opinionem
357 837 420 879 non
436 815 532 879 modo
549 815 736 899 frequentes
753 814 822 900 (qni
838 816 924 899 apud
942 824 974 879 te
997 816 1088 900 sunt)
1104 817 1135 879 in
1153 815 1239 880 omni
1254 814 1314 880 doe

156 922 316 986 triuerum
342 942 458 1004 genere
480 921 539 984 riri
562 921 866 986 consummatissimi
881 927 914 984 et
930 921 1016 984 inter
1032 942 1089 986 eos
1105 922 1229 1005 primus
1242 921 1313 986 iden

153 1028 416 1113 jurisperitorum
429 1027 523 1091 facile
536 1029 685 1110 princeps
696 1027 890 1092 Laurentius
898 1024 1002 1091 Zcocb
1016 1026 1234 1093 cancellarius
1244 1035 1313 1104 tuns

157 1134 323 1199 rarissima
342 1133 437 1197 homo
452 1132 605 1198 facundia
621 1140 655 1196 et
670 1132 784 1216 insigni
801 1152 874 1196 cum
890 1132 1055 1216 aequitate,
1068 1140 1137 1197 tum
1154 1132 1314 1216 prudentia

158 1240 238 1304 setis
255 1238 464 1303 declararunt
481 1259 590 1302 verum
608 1239 705 1302 etiam
724 1237 802 1302 illud
820 1237 906 1321 quod
922 1237 1068 1302 oblatum
1088 1238 1150 1302 tibi
1167 1259 1187 1302 a
1202 1238 1313 1322 Peperi-

157 1365 256 1409 corno
283 1343 393 1429 judseo
426 1343 501 1408 olim
534 1365 617 1407 nunc
651 1364 768 1428 corpus
804 1342 919 1408 saltem
956 1344 1073 1422 tincto,
1113 1343 1233 1408 librum
1264 1365 1312 1408 non

156 1449 252 1516 modo
283 1471 345 1513 non
376 1450 549 1528 recusasti,
581 1449 637 1514 sed
669 1449 805 1532 henigne
829 1447 893 1535 (uti
915 1451 1093 1534 principem
1119 1449 1242 1535 decuit)
1264 1450 1313 1534 pri·

156 1576 242 1621 mum
268 1555 432 1640 accepisti.
475 1559 534 1619 Ast
557 1555 612 1619 uhi
637 1554 774 1619 eundem
798 1553 991 1639 perlegisses
1014 1563 1113 1640 atque
1139 1555 1217 1620 nihil
1240 1554 1313 1620 ahud

156 1661 373 1728 intellexisses
397 1661 671 1745 comprehendere
696 1681 792 1745 qnam
819 1660 976 1726 barbaras
1001 1660 1159 1746 quasdem
1185 1669 1219 1727 et
1241 1662 1313 1746 inep

156 1775 209 1833 tus
232 1768 273 1833 de
296 1777 329 1832 te
353 1767 468 1832 laudes
497 1787 617 1851 easque
650 1769 681 1830 iu
706 1767 884 1832 doctissimi
909 1767 968 1830 viri
991 1767 1128 1832 loannis
1152 1767 1312 1853 Capuionis

157 1872 223 1959 (cui
255 1874 393 1940 similem
425 1874 476 1937 vix
507 1872 645 1938 alterum
678 1880 788 1938 vestra
816 1872 916 1937 hebet
943 1873 1066 1956 patria)
1096 1872 1193 1938 samse
1224 1873 1314 1958 pemi-

157 1982 237 2045 ciem
263 1979 449 2058 instructas,
473 1987 540 2044 tam
566 1988 598 2044 te
621 1980 786 2063 accepisse
811 1977 945 2043 dolebas
973 1999 1071 2063 quam
1102 2000 1138 2045 es
1161 1980 1204 2044 ad
1229 1979 1315 2046 boni·

157 2107 215 2150 nes
234 2084 396 2169 juvandos
419 2106 483 2148 non
506 2084 671 2149 laedendos
694 2085 982 2168 propensissimis,
1010 2084 1101 2150 nulla
1129 2086 1262 2169 perinde
1287 2105 1315 2148 re

158 2192 305 2276 captioso
328 2192 453 2255 muneri
477 2190 620 2255 infensus
644 2211 681 2255 ac
707 2191 783 2274 quia
806 2199 863 2255 tuo
888 2190 1014 2254 nomine
1038 2191 1133 2275 quasi
1161 2191 1237 2256 fuco
1259 2198 1317 2255 nte

157 2305 249 2363 retur
276 2317 340 2382 quo
376 2297 537 2381 potuisset
568 2297 599 2361 in
632 2297 767 2361 alterius
792 2296 910 2362 samam
938 2295 1089 2361 licentius
1121 2295 1315 2362 debacchari.

158 2402 252 2481 Quod
274 2403 420 2488 profecto
444 2403 565 2468 sactum
591 2410 681 2467 tuum
707 2408 834 2467 tentum
858 2402 919 2467 tibi
943 2401 1048 2466 laudis
1071 2404 1203 2488 peperit
1228 2417 1317 2488 quan·

157 2516 226 2573 tum
249 2509 319 2593 ipse
343 2529 447 2594 neque
471 2516 568 2594 putus
589 2507 659 2593 (qui
682 2508 768 2573 omni
792 2507 898 2573 laudis
922 2509 1081 2573 maximus
1104 2529 1140 2574 es
1164 2517 1316 2591 contemp

157 2611 225 2700 tor)
248 2614 307 2681 sed
331 2636 436 2699 neque
452 2636 510 2698 ego
528 2614 672 2679 divinare
688 2633 829 2697 possum,
854 2613 909 2698 qui
931 2634 1003 2679 cum
1027 2615 1136 2680 omnia
1153 2623 1187 2680 et
1204 2634 1317 2680 summa

157 2721 218 2787 tihi
249 2720 378 2786 deferre
408 2720 503 2785 velim
534 2720 613 2785 nihil
647 2720 677 2784 in
710 2718 769 2786 hoc
801 2727 857 2785 tno
890 2721 1052 2806 praeconio
1084 2720 1208 2804 possim
1238 2720 1317 2804 desp·

157 2827 283 2892 derere.
331 2827 400 2906 Quo
416 2847 494 2892 sane
511 2825 661 2892 effectum
687 2832 751 2905 est,
775 2833 813 2892 ut
836 2826 1012 2893 doctissimi
1037 2827 1157 2911 quique
1183 2826 1242 2892 viri
1257 2846 1316 2891 sese

157 2934 218 2998 tihi
247 2933 404 2997 memoria
432 2931 578 2998 beneficii
608 2933 806 3017 sempiterne
833 2932 1008 2999 obstrictos
1036 2932 1215 2998 fateantur.
1260 2931 1316 2997 Ma

157 3039 250 3104 nabit
273 3038 380 3122 igitur,
405 3038 604 3119 mihicrede,
629 3039 689 3104 hoc
712 3047 780 3104 tam
796 3037 989 3123 praeclarum
1009 3038 1136 3104 facinus
1158 3039 1203 3106 ad
1222 3044 1316 3124 poste

158 3167 228 3221 ros,
247 3143 440 3209 laudabunt
463 3153 509 3224 te,
534 3144 652 3229 quibus
676 3151 709 3209 te
733 3144 842 3209 videre
867 3164 1031 3229 nunquam
1054 3164 1244 3211 conoessum
1268 3149 1316 3210 est

157 3249 348 3317 Narrubnnt
369 3271 433 3316 non
457 3250 610 3317 Germani
633 3250 738 3330 modo,
763 3251 821 3316 sed
843 3249 946 3333 Angli,
969 3249 1028 3316 sed
1048 3249 1144 3329 Gelli,
1170 3251 1229 3317 sed
1245 3248 1316 3324 Itali

157 3377 255 3442 quam
286 3356 354 3422 alto
386 3356 476 3423 vulto
506 3356 590 3422 dona
619 3359 779 3442 reJ'ecerat
809 3355 1007 3433 nocentium,
1038 3355 1316 3440 Magdebnrgensis

158 3469 193 3528 et
216 3463 475 3547 Maguntinensis
499 3463 585 3529 sedis
608 3461 880 3547 archiepiscopus.
926 3462 1021 3526 Dann
1044 3461 1158 3526 riihmt
1181 3484 1218 3527 er
1240 3461 1317 3528 scine

157 3568 348 3653 umgebmg,
372 3568 550 3634 besonders
573 3567 635 3633 den
660 3575 732 3633 arnt
754 3569 853 3634 Henr.
878 3567 1024 3633 Stromer
1040 3566 1258 3646 Aurbachius‚
1278 3588 1315 3632 er

157 3673 261 3753 histri,
293 3673 369 3740 dass
401 3696 437 3739 er
467 3696 524 3740 zur
548 3674 709 3758 widmung
739 3673 842 3740 durch
866 3672 1006 3738 Thomas
1029 3673 1142 3738 Morus
1175 3683 1318 3756 engeregt

157 3780 286 3846 worden
318 3781 366 3845 sei
395 3779 462 3845 und
494 3780 667 3858 bedauert,
702 3780 777 3846 dass
801 3779 977 3844 Gervasius
1001 3780 1143 3844 Amenus
1174 3781 1237 3846 mit
1257 3779 1318 3844 der·

158 3886 269 3952 selben
292 3885 401 3952 arbeit
424 3885 620 3970 beschdftigt
643 3886 691 3952 sei
706 3884 773 3951 und
788 3885 891 3970 preist
913 3883 1102 3950 sohlieblioh
1125 3884 1189 3951 den
1212 3884 1319 3966 herzog

157 3992 265 4076 Georg
280 4013 342 4058 von
359 3991 500 4058 Secbsen
518 3991 583 4056 und
601 3991 653 4056 die
670 3989 838 4075 Leipziger
853 3990 1054 4070 universititt‚
1070 3990 1129 4055 der
1146 4013 1184 4057 er
1198 4011 1319 4075 grossen

157 4096 245 4163 dank
275 4097 422 4180 sohuldig
452 4098 508 4162 sei.
556 4097 634 4162 Vale
665 4097 783 4182 hypsie
805 4095 910 4182 pridie
941 4095 1071 4162 Celend.
1100 4097 1198 4163 Janu.
1222 4098 1264 4180 (o.
1285 4096 1320 4171 J.)

210 4201 213 4204 ’
247 4209 289 4267 Zn
311 4225 334 4266 s.
353 4211 427 4267 326.
466 4197 545 4268 liber
573 4209 620 4267 die
643 4208 785 4267 romische
809 4207 1016 4281 entscheidung
1037 4209 1076 4265 im
1099 4207 1321 4266 reuchlinischen

158 4315 260 4373 streite
275 4312 396 4374 haudelt
411 4313 483 4372 euch
499 4312 632 4388 folgende
648 4316 734 4373 notia.
759 4313 847 4373 Peter
862 4311 1014 4386 Gebwyler
1030 4312 1159 4373 schreibt
1174 4330 1212 4372 au
1228 4313 1321 4387 Capito

162 4417 250 4493 raon
267 4421 309 4483 24
325 4419 399 4501 Aug.
420 4416 532 4497 1520):
556 4419 625 4486 Fuit
644 4424 746 4483 conus
761 4419 797 4481 D.
814 4420 862 4482 Jo.
879 4417 1020 4482 Reschlin
1042 4419 1207 4482 novissimis
1230 4418 1321 4480 diebus
