2716 4898
637 319 703 389 235

86 513 132 591 tns,
157 509 223 576 tuis
251 507 422 595 perpetuis
451 510 566 597 vigiliis
589 519 621 578 et
645 510 939 594 lucubrationibus,
962 510 1145 581 hominibus
1168 531 1239 599 ger·

86 615 170 682 nanis
195 615 317 682 tribuit
353 620 387 681 et
414 615 524 700 palam
558 616 645 684 fecit.
693 617 787 698 Quod
818 617 846 685 si
877 616 964 684 idem
991 615 1079 686 zelus
1108 618 1142 684 in
1173 618 1239 686 tuis

90 719 193 787 anulis
217 726 314 800 esset,
337 721 394 806 qui
417 722 450 787 in
473 722 546 789 divo
563 723 733 803 Vincentio
750 722 872 790 Hibero
885 724 908 804 ¹,
931 720 1078 790 ordinem
1102 723 1241 791 fratrum

88 825 318 911 predicatorum
347 848 424 893 vere
446 827 603 912 professo,
631 829 703 909 fnit,
739 829 796 915 qni
820 828 1012 895 Vincentius
1045 828 1165 894 nonin
1188 826 1240 895 tui

90 930 199 1012 similes,
218 939 334 1000 contra
348 931 541 1000 charitatem
557 933 762 1020 inquirendo,
779 933 838 1001 sed
853 933 982 1020 plebem
999 933 1121 1001 Christi
1136 934 1241 1001 nostri

89 1033 164 1104 idern
178 1037 334 1119 docendo,
356 1037 399 1105 ab
416 1037 565 1106 omnibns
588 1041 658 1125 ejus
675 1060 840 1107 sermones
856 1038 1065 1106 audientibus
1079 1038 1240 1125 intellige-

91 1139 167 1210 batur
187 1145 336 1230 proiecto
358 1145 445 1211 inter
467 1150 500 1211 te
525 1150 558 1211 ct
580 1145 741 1212 iacobum
764 1152 857 1214 tuum
879 1167 939 1231 pro
954 1144 1102 1231 improbo
1119 1150 1241 1211 conatu

92 1270 133 1318 sno
146 1250 419 1335 supplantatorem
444 1252 569 1337 atejus
592 1251 774 1338 complices,
797 1272 878 1338 quos
908 1258 945 1317 tu
975 1251 1153 1337 quasarios,
1176 1271 1235 1317 nos

93 1376 149 1424 reno
168 1357 439 1442 quasidicatarios
462 1357 677 1442 appellamus,
708 1357 857 1424 simultas
880 1364 967 1425 esset
990 1359 1119 1424 omnino
1141 1356 1240 1425 nulla.

161 1463 336 1549 Superesse
373 1468 535 1547 putamus,
567 1470 605 1528 ut
641 1465 748 1549 posito
778 1469 882 1544 metu,
914 1463 999 1529 sicut
1030 1485 1140 1530 omnes
1169 1485 1239 1546 nos,

94 1569 169 1634 edem
197 1575 272 1634 tuos
302 1572 492 1648 vexatores,
522 1574 582 1655 pe'r
613 1588 730 1636 norum
755 1567 1014 1635 'tuum'docuisti
1038 1566 1241 1653 opusculum,

93 1686 235 1755 quonam
257 1674 353 1742 modo
377 1688 483 1741 sermo
506 1673 576 1741 fieri
602 1674 723 1742 debeat
744 1675 789 1741 ad
811 1673 969 1759 populum
986 1673 1013 1754 ²,
1035 1673 1083 1740 ita
1105 1694 1236 1759 quoqne

91 1781 289 1859 germanicam
320 1779 514 1865 puericiam,
545 1781 800 1848 adulescentiam
829 1784 863 1845 et
885 1781 1088 1864 juventutem
1112 1776 1241 1862 doceas,

90 1878 217 1952 diversas
233 1907 316 1971 quas
326 1885 424 1952 calles
440 1885 575 1970 linguas,
593 1893 627 1953 et
641 1886 820 1953 faciliorem
832 1884 977 1952 discendi
989 1884 1131 1966 modum,
1147 1892 1186 1952 nt
1201 1907 1240 1954 eo

86 1991 175 2077 magis
197 1993 247 2058 tui
270 1991 378 2057 aemuli
404 1991 538 2077 jaceant
560 1991 706 2078 inglorii,
737 1998 838 2076 tuque
862 1992 960 2057 etiam
984 1997 1058 2076 post
1087 1991 1236 2060 Nestoris

82 2109 191 2179 tonos,
222 2118 358 2182 corpore
394 2096 554 2182 sepultus,
581 2105 695 2165 contra
725 2119 780 2164 eos
804 2098 980 2181 gloriosum
1004 2097 1104 2164 ducas
1127 2099 1242 2165 trium-

77 2198 182 2279 uuum.
228 2203 366 2269 Domino
389 2201 554 2288 Stephano
578 2203 727 2272 Rosino³
750 2204 923 2289 plurimum
947 2202 1057 2283 debes,
1081 2204 1137 2289 qui
1160 2211 1236 2273 tuas

73 2295 161 2374 hand
184 2329 278 2374 secus
302 2328 401 2394 qnam
423 2329 499 2375 suas
521 2311 670 2396 proprias
693 2331 752 2395 pro
776 2309 871 2390 virili,
895 2309 993 2375 etiam
1017 2310 1143 2376 nomine
1168 2309 1235 2376 Cae-

72 2424 188 2481 ⁸areae
219 2413 415 2500 Majestatis,
451 2420 563 2483 tuetur
592 2436 716 2482 causas.
762 2416 871 2502 Teque
902 2413 972 2480 sola
1002 2415 1052 2480 nti
1079 2414 1242 2482 credimus

72 2511 160 2587 fama
175 2519 240 2586 sibi
255 2525 377 2601 notum,
401 2520 562 2588 Martinus
586 2522 626 2588 de
642 2521 836 2605 Groninga⁴
860 2520 985 2605 jnrinm
1006 2519 1122 2587 doctor
1140 2525 1240 2601 amat,

72 2627 195 2714 qnippe
228 2626 284 2712 qui
314 2627 477 2712 interpres
506 2627 648 2712 juratus,
680 2647 829 2712 magnam
861 2646 902 2690 ex
936 2624 985 2691 his
1021 2646 1106 2711 quae
1130 2631 1244 2694 nostra

72 2729 269 2802 Germanica
300 2732 411 2818 lingua
441 2733 476 2799 in
506 2733 589 2800 actis
621 2734 827 2801 continentur
857 2737 986 2816 partem
1008 2731 1244 2817 interpretatus

72 2844 134 2906 est.
181 2840 225 2905 Et
248 2840 356 2905 omnia
385 2839 485 2906 breve
508 2844 574 2919 est,
598 2841 666 2907 Deo
696 2838 836 2917 volente,
859 2827 1078 2920 absoluturus,
1102 2836 1244 2905 minimis

72 2945 141 3014 tuis
167 2945 325 3032 expensis.
371 2944 439 3012 Nee
462 2945 529 3012 tuis
551 2944 650 3013 rebus
673 2945 765 3012 deest
788 2944 930 3011 loannes
961 2965 1023 3010 ran
1056 2944 1116 3011 der
1139 2941 1244 3011 Wik⁵

651 3092 669 3132 13

147 3206 159 3251 1
180 3198 264 3250 Hiber
274 3198 310 3250 ist
328 3198 357 3250 in
369 3199 414 3251 der
426 3197 577 3268 sammlnng
594 3213 647 3250 von
659 3198 760 3250 Erherd
776 3198 851 3251 nicht
863 3199 1024 3266 suigel'lihrt
1099 3201 1114 3248 3
1135 3197 1239 3250 Novum

72 3287 241 3358 opuseulum]
259 3286 310 3340 soll
322 3287 405 3338 demit
423 3286 566 3339 Reuchline
583 3302 626 3338 ars
640 3286 799 3354 predicandi
818 3302 879 3338 vom
894 3289 914 3352 j.
937 3287 1005 3338 1504
1016 3285 1133 3353 gemeint
1145 3286 1239 3336 seint?

72 3380 88 3429 3
108 3375 228 3444 Stephon
240 3375 364 3438 Rosinus,
376 3372 435 3441 gab.
453 3374 482 3424 in
494 3374 645 3443 Angsburg,
663 3375 760 3427 studirt
778 3392 811 3427 ru
822 3376 930 3426 Krakau
943 3373 997 3425 und
1008 3373 1074 3425 wird
1090 3375 1155 3424 1501
1184 3389 1244 3440 pro·

72 3466 158 3519 sessor
174 3463 220 3514 der
234 3462 401 3530 philosophie
415 3462 444 3512 in
453 3462 539 3527 Wien,
560 3464 681 3531 ungleich
692 3464 813 3515 licentiat
825 3462 869 3513 der
882 3461 970 3512 rechte
985 3459 1039 3510 und
1049 3459 1242 3511 bakkalanreus

72 3552 118 3605 der
136 3551 279 3618 theologie,
299 3550 365 3601 wird
389 3550 429 3601 als
447 3549 550 3602 solcher
568 3550 662 3618 ceplnn
679 3553 750 3604 Max.
770 3553 790 3614 1,
813 3550 935 3601 domham
952 3536 985 3599 an
1005 3549 1114 3611 Psssen,
1141 3547 1243 3612 Trient,

72 3640 151 3693 Wien
164 3639 220 3690 und
239 3639 268 3689 in
280 3637 325 3690 des
338 3639 439 3706 kaisers
456 3638 611 3706 geschltften
626 3641 685 3690 eine
700 3639 751 3690 neit
762 3639 827 3706 lang
839 3637 908 3689 auch
927 3637 954 3688 in
973 3637 1039 3688 Rom
1051 3635 1146 3703 tblttig.
1183 3636 1244 3688 Von

72 3729 165 3781 seinen
184 3727 364 3794 aeitgenossen
383 3726 448 3777 wird
467 3743 495 3778 er·
512 3727 552 3778 als
576 3727 744 3778 lateiniscber
762 3726 862 3778 dichter
885 3725 940 3777 und
965 3723 1166 3775 methematlher
1184 3724 1244 3777 sehr

73 3816 207 3884 gerlihmt,
217 3815 286 3868 ohne
299 3815 360 3867 dass
374 3831 401 3866 er
411 3815 464 3866 viel
477 3814 652 3867 schriftliches
661 3814 836 3866 hinte1·lasscn
848 3813 928 3865 hlttte.
948 3814 984 3864 Er
996 3812 1075 3864 stirbt
1085 3811 1153 3863 nach
1166 3814 1243 3877 1534,

73 3903 295 3957 vchmueinlicu
313 3919 345 3954 an
365 3903 474 3954 Passan.
546 3903 643 3970 4Vgl.
661 3909 742 3953 unten
761 3919 810 3953 nro
839 3902 918 3953 CCVI
936 3901 990 3952 und
1003 3900 1132 3952 Renchlln
1150 3917 1170 3952 s.
1183 3904 1243 3953 314.

75 3979 181 4045 eilber
199 3990 250 4042 den
268 3997 343 4043 sonet
362 3991 550 4045 unbekannten
569 4007 656 4055 mann,
676 3991 721 4041 der
740 4006 790 4041 uns
810 3990 838 4041 in
857 3990 902 4041 der
920 3990 990 4057 solge
1009 3988 1080 4040 noch
1097 3989 1137 4040 oft
1149 3988 1243 4055 begeg·

74 4097 126 4133 nen
145 4079 220 4143 wird,
247 4096 308 4147 mag
333 4079 454 4146 folgende
478 4079 550 4130 notin
573 4095 621 4130 aus
645 4079 716 4131 einer
741 4077 895 4145 biographie
914 4078 1048 4129 Hermann
1067 4076 1169 4127 Busche
1186 4075 1244 4128 hier

75 4167 150 4221 ihren
170 4169 240 4236 plata
266 4167 367 4219 finden:
398 4168 497 4219 interea
522 4166 584 4218 dnm
608 4167 746 4234 utriusque
770 4182 852 4218 causa
875 4165 1046 4216 ventilaretur
1069 4166 1172 4228 Romae,
1198 4164 1244 4216 nbi

76 4255 253 4324 patrocinium
272 4255 412 4307 Rencblini
430 4255 546 4321 suscepit
569 4261 595 4306 et
618 4255 701 4322 ipsius
719 4254 850 4305 actionem
874 4251 990 4304 defendit
1008 4251 1116 4302 Ruschii
1135 4251 1243 4317 amiens,

76 4342 166 4396 doctor
184 4343 212 4395 J.
232 4343 265 4394 U.
283 4342 402 4394 «loannes
420 4361 436 4394 a
455 4343 541 4406 Wiclr,
561 4344 607 4408 qui
626 4348 717 4409 postea
734 4358 807 4393 anno
825 4341 926 4392 domini
947 4343 1014 4391 1533
1034 4340 1061 4389 in
1078 4339 1243 4405 Vastennow,

77 4437 105 4494 113
121 4437 232 4495 sanetus
251 4438 360 4510 modyn,
377 4429 516 4509 tyrannice
534 4436 573 4496 est
592 4430 695 4496 occisus
713 4445 730 4493 ⁸.
747 4429 883 4494 maopicis
897 4427 1148 4491 monasterieueibue
1167 4443 1245 4508 prop-
