2716 4898
625 299 688 365 189

584 487 729 555 CLXIII.
1247 540 1251 547 .

133 579 277 646 stuttgart.
1003 577 1107 642 eleg.
1129 576 1205 627 rete.

72 668 282 745 Reverendo
302 665 426 743 Abbee
454 666 496 741 in
519 662 726 740 Ottenbura
744 665 815 738 Dn.
840 663 954 738 Leon.
981 663 1239 740 colendissimo

464 814 530 863 suo
558 787 620 863 Jo.
649 786 843 863 Reuchlin.
916 856 919 864 .

158 939 249 1006 Petis
282 935 470 1004 Reverende
502 933 597 1002 Abba
628 940 662 1001 et
692 932 820 1000 domine
854 933 898 1000 mi
940 932 1242 1018 observandissime,

72 1050 105 1113 11
125 1044 268 1111 Cantica
291 1043 384 1109 Cant.
415 1061 518 1126 grace
541 1040 677 1107 Nicolao
703 1041 714 1078 ¹
737 1045 795 1106 tuo
817 1041 958 1122 mittam,
988 1061 1065 1107 sane
1088 1041 1237 1107 fecissem

72 1151 96 1217 si
116 1150 276 1218 haberem
300 1148 355 1233 qui
377 1168 437 1214 nec
459 1146 522 1212 tibi
543 1166 648 1231 neque
671 1145 718 1210 illi
739 1145 897 1212 hactenus
918 1146 1094 1231 quidquam
1109 1146 1234 1231 negavi.

72 1255 134 1324 Sed
155 1260 269 1322 tantus
291 1253 371 1320 mihi
394 1259 445 1319 est
468 1273 546 1337 erga
569 1252 750 1337 linguarum
775 1251 934 1318 idiomata
965 1258 999 1318 et
1021 1253 1240 1337 proprietates

72 1361 178 1442 ardor,
201 1366 326 1427 utnon
350 1358 444 1425 valde
468 1358 619 1426 laborare
643 1357 873 1424 consueverim
898 1356 1015 1423 librum
1039 1358 1242 1425 111111111-

72 1486 165 1551 quem
188 1467 223 1531 in
245 1465 311 1531 alia
334 1465 451 1549 lingua,
475 1484 574 1549 quam
596 1463 629 1529 in
654 1485 702 1544 ea,
724 1464 757 1529 in
784 1484 848 1548 qua
866 1470 917 1529 est
932 1464 1081 1530 conditus
1097 1464 1240 1531 omnium

72 1572 185 1656 palmo,
209 1592 339 1656 semper
365 1571 435 1654 ipse
459 1571 577 1637 timens
600 1568 640 1635 de
664 1569 832 1636 translatis
857 1588 929 1654 quae
952 1590 1005 1634 me
1031 1590 1116 1654 saepe
1139 1590 1240 1654 quom

72 1675 146 1742 dam
169 1697 281 1743 errare
303 1677 459 1742 fecerunt.
504 1675 611 1754 Quare
635 1674 760 1741 Novum
776 1675 1022 1741 Testamentum
1039 1695 1141 1758 grace
1156 1674 1239 1759 lego,

72 1781 173 1849 Vetus
197 1781 358 1862 hebraice,
382 1781 416 1846 in
439 1781 530 1866 cujus
554 1780 754 1866 expositIone
771 1779 858 1845 malo
875 1777 1037 1846 confidere
1052 1800 1124 1847 meo
1141 1801 1239 1864 quam

72 1885 207 1954 alterins
236 1886 373 1972 ingenio.
428 1886 480 1953 Sic
514 1887 554 1952 de
593 1886 721 1952 caeteris
754 1885 851 1953 soleo.
903 1871 1096 1971 Quanquam
1124 1885 1239 1953 audire

73 2014 201 2078 quoque
234 1992 316 2058 alios
349 2013 413 2059 non
447 1989 604 2077 dedignor
637 1999 672 2059 et
702 1992 878 2058 multorum
911 1990 1098 2058 intellectus
1138 1999 1238 2077 atque

73 2118 167 2164 sensa
195 2096 336 2163 libenter
357 2098 516 2182 percipio,
544 2099 629 2165 sicut
651 2097 741 2165 cibos
763 2103 857 2182 gusto
882 2118 946 2164 uon
969 2103 1006 2163 ut
1036 2119 1153 2183 panem
1177 2096 1237 2163 sed

72 2201 218 2271 bellaria
263 2204 315 2270 Ita
337 2204 525 2270 inconcinne
541 2203 780 2270 transtulerunt
803 2203 939 2289 quisque
954 2225 1014 2288 pro
1032 2225 1090 2270 suo
1102 2204 1235 2288 judicio.

72 2306 118 2375 lle
141 2310 349 2376 contentione
379 2309 516 2376 multum
550 2315 682 2376 versata
709 2310 870 2375 interme
895 2315 930 2375 et
952 2309 1121 2393 theologos
1144 2308 1238 2375 Colo·

72 2412 200 2480 aienses
222 2414 393 2482 Nicolaum
417 2421 508 2481 tuum
531 2415 617 2482 facio
641 2416 813 2482 certiorem
841 2414 929 2500 quod
953 2414 1116 2481 Caesarea
1139 2415 1238 2499 Majo-

72 2524 138 2587 stas
169 2526 247 2605 post
268 2527 455 2605 porrectum
484 2520 514 2588 ei
540 2520 660 2587 librum
688 2520 825 2587 latinum
854 2521 1048 2605 nuperrimae
1079 2519 1238 2587 defensio·

72 2622 117 2690 nis
139 2646 221 2692 meae
243 2625 336 2693 nobis
360 2627 517 2694 universis
541 2649 581 2694 ex
604 2626 752 2694 omnibus
767 2625 918 2712 partibus
933 2624 1100 2692 mandavit
1119 2646 1236 2710 pacem
1327 2612 1330 2619 ¹

73 2735 105 2797 et
148 2737 344 2817 perpetuum
365 2733 542 2814 silentium
574 2732 737 2818 imposuit.
791 2733 836 2799 Ut
870 2731 921 2798 his
942 2718 1096 2797 'literis2
1133 2737 1236 2817 patet,

72 2856 149 2921 quas
184 2836 238 2903 hic
266 2837 310 2904 ad
340 2842 373 2904 te
405 2839 510 2905 mitto.
559 2838 641 2905 Sunt
668 2838 723 2923 qui
754 2842 872 2922 putent
905 2837 1110 2904 adversarios
1145 2858 1235 2905 meos

72 2942 157 3025 pacis
179 2941 308 3008 futuros
332 2964 403 3010 esse
427 2943 594 3010 fractores.
632 2946 700 3029 Ego
717 2965 830 3028 pacem
846 2964 1035 3028 prosequar,
1050 2944 1111 3010 nisi
1128 2943 1234 3010 denuo

72 3044 180 3129 pulsus
209 3048 402 3131 gravissima
429 3049 558 3136 injuria.
604 3050 719 3116 Valete
754 3049 902 3116 feliciter.
949 3051 998 3116 Ex
1036 3050 1235 3135 Stutgardia,

72 3152 160 3219 nonis
184 3151 296 3220 Sextii.
324 3160 420 3221 1513.
818 3196 823 3203 -

153 3261 319 3325 Gedruekt:
351 3265 525 3342 Schelbom,
541 3266 722 3327 amoenitates
740 3262 833 3339 (1.1.)
849 3282 872 3325 1.
892 3267 953 3326 597
970 3263 990 3324 1.

581 3465 719 3534 CLXIV.

135 3552 310 3605 Ottobsuren.
980 3557 1011 3605 13
1032 3556 1099 3622 Aug.
1122 3553 1199 3608 1513.

72 3635 192 3718 l'rater
204 3642 384 3718 Nicolaus
397 3642 598 3724 CubitusJ
599 3645 712 3719 oanni
726 3643 910 3720 Reuchlin
927 3644 1129 3719 Phorcensi
1147 3643 1184 3721 S.
1195 3643 1232 3722 d.

156 3791 353 3858 Doctissime
383 3792 653 3878 integerrimeque
684 3792 746 3874 vir,
779 3813 862 3879 quas
889 3792 933 3859 ad
965 3798 1094 3878 patrem
1126 3813 1235 3860 meum

72 3896 279 3963 assuendum
300 3897 454 3964 abbatem
472 3897 749 3965 (11(1111111111113
770 3898 843 3982 legi,
865 3900 975 3985 itaque
992 3898 1235 3967 excusationem

72 4020 152 4069 uam
186 4024 284 4087 quam
316 4003 471 4089 assignas,
514 4026 571 4071 cur
600 4005 704 4071 minus
739 4006 878 4089 petitum
909 4027 930 4071 1
960 4012 993 4073 11
1024 4001 1143 4070 librum
1170 4003 1234 4070 huo

72 4107 191 4175 niseris
225 4107 321 4175 facile
353 4109 487 4195 accipio.
532 4111 582 4176 Ea
605 4109 690 4177 enim
712 4110 792 4176 mihi
814 4112 855 4178 de
878 4117 936 4179 tua
958 4119 1009 4180 est
1030 4111 1234 4181 humanitate

641 4239 659 4279 *

134 4331 147 4378 1
167 4325 289 4396 Nicolao]
307 4327 448 4396 Ellenbog.
522 4332 536 4379 2
558 4328 609 4380 Die
620 4328 741 4380 urkunds
760 4329 796 4380 ist
813 4328 897 4382 leider
914 4332 989 4384 nieht
1007 4331 1134 4384 erhalten.
1170 4329 1232 4401 vgl.

72 4412 129 4469 ben
146 4432 205 4469 nro.
224 4415 294 4468 CLX
314 4431 340 4469 u.
359 4434 379 4470 1.
403 4419 512 4468 18711.
575 4418 645 4471 18.
664 4433 720 4472 vor.
738 4432 795 4469 nro.
