2790 4882
708 285 773 349 332

155 456 228 544 men
253 498 339 562 saepe
362 478 409 543 tui
439 497 537 542 ιιιιιι
562 482 686 552 metuo,
720 499 760 542 nc
785 460 992 541 multitudine
1016 474 1159 539 civilium
1178 471 1328 556 negotio-

153 605 224 648 rum
249 583 419 667 frangaris
443 582 504 648 nisi
520 583 695 667 aliquando
711 583 833 647 laboris
858 580 1012 646 duriciem
1030 580 1220 645 humaniore
1245 601 1323 663 quo

154 688 228 754 dam
246 689 353 754 studio
370 689 469 754 laxes.
511 689 622 766 Quare
646 688 766 772 siquid
792 695 842 752 est
856 688 888 751 in
898 695 954 750 'me
972 686 1104 763 consilii,
1120 685 1328 768 Lamparthe‚

153 793 240 880 quod
264 796 367 859 sentio
391 816 487 879 quarn
516 796 559 857 sit
589 795 752 877 exignum,
783 799 930 877 optarem
962 793 1151 875 plurimum,
1183 797 1221 855 ut
1247 806 1327 875 quo·

153 898 233 964 libet
256 908 401 984 tempore
427 898 473 963 rel
498 899 610 964 horam
632 898 959 984 quantulamcumque
984 920 1003 962 a
1034 895 1162 981 plebcjo
1184 897 1325 980 strepitu

154 1010 188 1070 et
210 1004 317 1070 aulica
332 1007 489 1070 servitute
512 1007 544 1068 in
567 1006 664 1069 animi
689 1003 908 1088 quietudinem
932 1012 964 1068 te
982 1002 1162 1068 vindicares
1178 1008 1212 1067 et
1228 1023 1326 1086 quan-

153 1109 228 1175 dam
252 1110 338 1174 haud
362 1109 565 1193 injocundum
593 1110 786 1176 libertatem.

243 1216 312 1309 Hoc
337 1237 407 1280 cum
434 1215 583 1296 dicerem,
608 1216 719 1300 putavi
754 1223 787 1279 te
811 1215 988 1299 intelligere
1012 1214 1090 1299 quid
1113 1214 1218 1292 velim,
1242 1213 1325 1278 scili·

153 1330 214 1400 cet,
238 1329 275 1386 ιι
299 1343 361 1385 non
386 1322 503 1386 omisso
527 1322 584 1386 sed
608 1323 791 1386 intermisso
821 1320 970 1405 populari
1005 1321 1133 1403 negotio
1166 1325 1199 1383 te
1224 1340 1323 1403 quan-

155 1427 260 1512 doque
290 1447 485 1492 summarum
511 1434 545 1490 et
568 1427 747 1492 divinarum
772 1448 879 1492 rerum
905 1426 1034 1491 lectioni
1058 1426 1272 1508 mancipares,
1292 1425 1324 1489 in

148 1541 229 1618 qua,
253 1533 285 1597 ni
310 1532 414 1610 fallor,
438 1540 536 1616 caput
559 1541 609 1596 est
631 1535 720 1617 pacis
744 1540 778 1598 et
802 1552 954 1616 suprema
977 1530 1206 1615 tranquillitas.
1230 1531 1325 1595 Fece·

155 1646 233 1704 runt
255 1639 302 1704 iia
325 1639 455 1704 maximi
480 1659 585 1703 rerum
619 1639 820 1722 publicarum
854 1637 1097 1720 gubernatores
1145 1637 1203 1701 llle
1227 1658 1324 1721 quon-

54 1732 56 1738 ’
151 1742 226 1809 dam
242 1743 370 1828 Moyses
388 1766 451 1828 quo
472 1743 534 1808 fuit
557 1766 649 1808 nemo
677 1745 858 1828 Imperator
890 1752 922 1808 et
938 1744 1152 1808 diuturnitate
1168 1743 1324 1828 temporis

152 1855 186 1913 et
210 1848 347 1915 militum
372 1850 466 1933 copia
489 1870 631 1933 unquam
649 1851 751 1933 major
774 1849 921 1915 ascendit
944 1849 1031 1913 solus
1055 1849 1086 1913 in
1112 1855 1266 1928 montem,
1289 1856 1323 1913 ιι

151 1975 224 2019 cum
249 1954 309 2019 deo
333 1955 536 2039 loqueretur3
561 1955 673 2033 Minos,
702 1955 903 2020 Cretensium
927 1955 1004 2032 Rex,
1029 1954 1071 2019 ad
1094 1955 1207 2019 Jovern
1232 1956 1321 2020 sein

152 2060 282 2125 antrum
306 2061 482 2144 corripuit3
508 2061 621 2138 Numa,
645 2061 811 2144 Pomponii
842 2059 936 2139 filius,
968 2061 1185 2126 Romanorum
1209 2082 1321 2144 regna·

120 2176 122 2181 '
150 2171 212 2245 tor,
235 2186 307 2231 cum
332 2167 448 2250 Egeria
483 2165 644 2231 interdum
669 2166 802 2232 consilia
830 2187 974 2231 seorsum
1002 2151 1324 2246 comunicavitsQui·

150 2269 211 2336 bus
235 2270 446 2354 religionibus
470 2279 503 2336 et
518 2271 647 2336 labores
671 2271 887 2337 sublevabant
910 2279 943 2336 et
965 2271 1085 2356 populo
1108 2273 1242 2337 maximi
1265 2294 1319 2358 ap

152 2377 323 2461 parebant.
372 2377 464 2442 Unde
488 2379 578 2461 quies
608 2379 676 2443 haec
706 2384 739 2442 et
766 2398 913 2443 recessus
944 2378 977 2441 iu
1001 2399 1035 2442 se
1068 2399 1185 2444 nomen
1209 2379 1320 2444 divini-

153 2482 233 2547 tatis
190 2481 381 2547 ιιιιιιιιι

238 2588 329 2666 erod
353 2594 390 2653 ι
413 2588 484 2653 imit
486 2590 549 2654 eris
574 2590 640 2673 jeci
664 2590 770 2735 prilma
793 2589 1012 2655 fundamenta.
1060 2571 1144 2655 Nam
1169 2591 1254 2656 hanc
1277 2592 1315 2657 de

147 2695 319 2760 nativitate
351 2694 471 2759 domini
509 2703 582 2760 orat
583 2696 718 2761 ionem¹
748 2717 767 2759 a
803 2695 914 2760 Proclc
955 2695 1120 2778 Cyzicensi
1158 2698 1318 2782 Episcopo

148 2799 310 2883 quondam
335 2799 613 2885 Constantinopoli
637 2802 782 2867 habitam
807 2823 944 2885 egraeco
968 2803 1001 2867 in
1026 2802 1161 2866 latinum
1185 2825 1245 2887 per
1268 2826 1317 2868 me

147 2903 289 2969 fideliter
319 2905 512 2971 translatam
543 2909 598 2972 uni
623 2908 696 2986 tibi,
727 2909 775 2972 uti
807 2907 846 2971 de
871 2929 922 2971 me
947 2907 1116 2993 saluteque
1141 2930 1215 2973 mea
1239 2909 1318 2975 bene

149 3010 284 3074 meritus
314 3031 357 3088 es,
390 3010 483 3090 dono,
508 3012 558 3091 do,
582 3013 653 3096 lego
683 3021 720 3077 ut
743 3013 840 3096 legas,
866 3034 936 3096 quae
960 3013 992 3076 in
1016 3013 1152 3087 concilio
1177 3015 1319 3098 generali

148 3113 293 3180 ecelesiae
317 3116 484 3181 catholicae
507 3119 604 3182 tertio
629 3118 747 3202 Ephesi
771 3140 792 3182 a
814 3117 969 3183 trecentis
1001 3117 1150 3201 patribus
1185 3120 1319 3187 laudata

148 3222 387 3305 etapprobata
411 3224 551 3288 omnium
569 3245 732 3290 consensu
756 3224 825 3290 luit.
804 3223 1005 3307 ttldque
1006 3230 1083 3288 anto
1050 3224 1170 3288 tfeci
1195 3228 1316 3312 majore

148 3325 326 3406 studiant
289 3348 389 3392 ιιι
412 3329 552 3394 οιιιιιι
543 3352 576 3394 ιι
601 3331 683 3394 festo
665 3331 795 3394 ιιιιιι
809 3331 887 3394 tiis
846 3330 1070 3395 illuminit
1056 3331 1121 3396 tuis
1145 3329 1318 3398 offerretur

730 3468 746 3504 a<

224 3527 231 3569 l
255 3521 375 3571 Darllber
398 3529 459 3588 sagt
487 3524 532 3572 der
555 3524 620 3573 sohn
642 3525 687 3573 clus
707 3526 848 3590 Gregorius
869 3527 1031 3591 lanrparqtcr
1052 3528 1232 3594 Hieronymus
1252 3531 1318 3580 Mos·

146 3588 287 3659 hachensis
307 3613 475 3676 praepositus,
502 3611 548 3661 dor
567 3613 743 3678 hcrauageber
762 3613 847 3663 dieser
866 3612 988 3663 schrift
981 3631 1007 3663 ιιι
1027 3616 1113 3665 ιιιιιι·
1133 3617 1268 3688 vvidmung
1287 3638 1317 3670 an

145 3696 229 3762 lubuig
249 3696 408 3747 Perdinand:
433 3699 508 3749 Hanc
528 3703 643 3750 orationi
641 3717 674 3750 m
694 3701 848 3765 (tyzicensis
868 3703 984 3768 episcopi
1005 3703 1095 3754 Procli
1116 3705 1148 3755 do
1165 3708 1317 3759 admirando

146 3785 190 3834 τοῦ
215 3787 326 3854 σωτῆρος
354 3788 435 3837 ιοιιιι
462 3798 552 3854 partu,
579 3805 662 3855 nuper
693 3790 719 3839 iu
744 3790 908 3841 bibliotheca
941 3791 1089 3842 charissimi
1123 3797 1240 3859 parentis
1269 3798 1317 3848 mei

147 3873 180 3922 l).
195 3873 316 3938 Gregorii
338 3875 509 3941 liampartlrer
528 3894 543 3926 a
563 3877 773 3943 Greypheustein
794 3879 937 3942 inventam,
959 3879 1006 3929 sub
1027 3886 1076 3930 tuae
1096 3882 1241 3946 majestatis
1261 3901 1318 3936 curn

145 3961 251 4010 nomine
264 3968 318 4011 turn
333 3964 439 4014 numine
452 3982 554 4030 quoque
575 3967 706 4032 invulgati
725 3965 804 4015 volui.
843 3967 926 4029 Quam
941 3969 1096 4032 orationem,
1117 3970 1159 4020 rel
1173 3979 1201 4022 ιι
1213 3975 1315 4024 authori

144 4048 195 4113 ipsi
222 4048 356 4115 adpellare
379 4052 479 4116 placuit
506 4047 601 4121 ὁμιλιαν
630 4055 693 4104 olim
720 4056 798 4104 trium
828 4056 1018 4122 praecipuarum
1044 4057 1227 4125 linguar'unr
1220 4078 1317 4112 uncoru-

145 4135 272 4202 parabilis
302 4139 419 4189 adsertor
441 4141 600 4191 Renchlinus
625 4159 638 4191 e
664 4158 749 4208 graeco
770 4159 884 4205 versum,
904 4146 1004 4209 parenti
1026 4163 1083 4195 meo
1104 4157 1128 4196 et
1148 4149 1318 4217 inscripserat

143 4233 172 4274 et
196 4228 320 4290 tariquam
348 4228 426 4294 longe
456 4231 686 4295 pretiosissimam,
710 4247 763 4280 non
783 4249 797 4281 a
816 4224 971 4298 Taprobane
992 4250 1043 4284 non
1069 4253 1101 4284 ex
1127 4236 1214 4300 ludia,
1239 4238 1317 4288 sede

145 4313 342 4364 iracundissimo
372 4315 506 4366 literarum
534 4334 678 4383 graecarum
711 4335 810 4370 oceano
837 4321 978 4372 collectam
1007 4323 1115 4375 donarat
1148 4327 1316 4397 margaritam

145 4402 169 4452 Α
188 4401 223 4449 iib
242 4401 437 4470 (sorbuerint
457 4421 504 4457 ιιι
523 4406 664 4476 Thivingen
688 4412 696 4454 1
719 4407 780 4464 dan.
804 4411 892 4481 1529).
