2716 4898
657 255 701 320 98

96 472 171 517 cum
197 450 283 517 notis
296 448 395 512 invito
412 447 509 512 etiam
533 447 643 511 nescio
668 465 732 529 quo
756 443 860 509 fratre
877 441 1024 525 Doringo
1033 442 1056 521 ¹,
1077 438 1166 506 ferre
1179 458 1256 505 cone

96 562 150 621 tus
168 562 227 620 est.
275 552 338 619 Sed
355 551 433 637 quid
455 551 603 636 pluribus
619 552 684 616 erit
706 546 816 633 opus?
861 547 921 612 Ille
942 545 1033 612 idem
1048 545 1144 611 divus
1158 545 1257 611 Hiero

93 680 209 743 nymus
224 660 257 723 in
274 657 486 723 translatione
504 674 563 721 sua
585 676 620 720 se
637 656 742 739 ipsum
766 674 896 719 errasse
911 652 1041 718 latetur
1059 652 1096 716 in
1112 671 1258 717 commen·

96 765 190 829 tariis
206 784 303 845 super
320 762 435 827 Isaiam
457 761 564 843 capite
580 760 822 843 undevigesimo
839 758 853 797 '
878 757 937 823 ubi
963 758 1014 822 sic
1035 756 1106 821 ait:
1138 755 1258 835 „Melius

96 890 171 935 reor
201 869 367 952 proprium
399 886 542 930 errorem
577 863 836 948 reprehendere,
871 883 972 946 quem
1000 859 1080 927 dum
1116 860 1259 927 erubesco

96 974 292 1057 imperitiam
321 969 463 1035 confiteri
494 970 525 1033 in
550 991 660 1034 errore
683 970 861 1052 persistere
883 968 918 1032 in
936 988 975 1033 eo
992 966 1084 1051 quod
1101 964 1259 1032 transtuli:

97 1080 140 1145 Et
160 1080 224 1145 erit
247 1086 337 1142 terra
353 1075 440 1141 luda
461 1078 605 1158 Aegypto
631 1075 664 1138 in
681 1074 922 1139 festivitatem.“
972 1071 1110 1139 Possem
1130 1070 1260 1155 alioquin

97 1183 204 1267 plures
227 1181 373 1266 proferre
398 1180 574 1245 versiculos
601 1186 634 1245 et
658 1179 745 1263 quod
776 1177 948 1264 cujusdam
977 1176 1133 1243 vocabuli
1155 1173 1260 1260 signiti-

98 1294 206 1352 catum
237 1307 338 1369 usqne
370 1285 465 1350 hodie
504 1306 538 1349 se
570 1287 720 1369 ignorare
751 1306 815 1351 non
841 1282 1047 1349 verecundiae
1080 1280 1259 1348 duxeritin

99 1392 241 1457 lersmia
264 1391 370 1473 capite
387 1389 504 1455 sexto³
528 1397 560 1455 et
585 1389 671 1474 quod
695 1389 880 1473 apostolum
903 1388 1068 1454 notaverit
1083 1387 1259 1472 imperitum

99 1498 180 1563 artis
196 1496 427 1580 grammaticae
443 1496 474 1559 in
501 1495 640 1578 epistola
667 1495 710 1560 ad
738 1495 912 1561 Hedibiam
929 1495 954 1573 ⁴,
977 1492 1159 1578 quaestione
1182 1497 1262 1557 ante

100 1603 278 1688 penultima
308 1610 342 1669 ct
369 1601 455 1686 (ruod
488 1602 657 1685 scripserit
689 1600 838 1666 eumdem
862 1599 1047 1683 apostolum
1069 1598 1261 1683 psalmorum

100 1710 246 1775 versibus
262 1709 359 1774 aliter
382 1728 452 1773 esse
476 1728 579 1784 usum,
608 1728 704 1791 quam
735 1708 769 1770 in
799 1705 931 1771 hehraeo
954 1703 1142 1770 habeantur
1170 1709 1208 1769 ut
1234 1704 1262 1766 in

100 1814 338 1880 commentariis
371 1813 438 1876 suis
466 1833 564 1894 super
587 1812 716 1876 Psalmo
734 1811 763 1891 5;
786 1833 846 1876 cur
875 1812 976 1893 igitur
1003 1808 1103 1875 iniis
1135 1829 1208 1894 qua
1227 1806 1262 1873 ed

102 1918 337 2001 interpretandi
360 1918 489 1981 modurn
514 1924 683 2001 artemque
706 1918 952 2001 grammaticam
976 1921 1011 1981 et
1034 1915 1076 1980 ad
1102 1916 1263 1980 veritatem

103 2022 267 2087 idiomatis
291 2027 450 2105 spectant,
474 2043 524 2085 me
549 2043 677 2106 quoque
694 2044 758 2087 nun
775 2022 907 2088 deceret
922 2023 954 2086 in
970 2021 1076 2087 lucem
1092 2020 1263 2105 producere

103 2127 181 2212 quid
210 2148 281 2192 cum
313 2126 506 2191 doctissimis
529 2127 743 2193 Hebraeorum
773 2129 928 2194 sentirem
960 2128 1082 2212 quippe
1113 2127 1158 2193 ad
1191 2144 1265 2210 quos

102 2234 200 2297 etiam
225 2233 339 2298 eodem
367 2232 561 2316 Hieronymo
593 2239 686 2313 teste,
717 2233 966 2318 confugiendum
997 2240 1049 2298 est
1077 2233 1207 2317 quoties
1235 2230 1265 2295 in

102 2345 211 2403 vetere
248 2344 445 2403 testamento
480 2340 700 2404 controversia
736 2346 892 2405 movetur.
944 2339 1149 2423 Quamquam
1188 2336 1265 2402 enim

101 2442 330 2527 Hieronymum
353 2450 502 2510 sanctum
525 2465 659 2509 veneror
683 2451 721 2510 ut
750 2444 899 2529 angelum
923 2450 957 2510 et
979 2443 1101 2528 Lyram
1133 2443 1205 2510 colo
1233 2446 1266 2507 nt

101 2549 300 2633 magistrum,
324 2555 433 2615 tamen
455 2548 556 2614 adoro
580 2550 750 2614 veritatem
774 2555 812 2614 ut
835 2550 941 2615 deum.

191 2657 237 2720 hc
261 2676 318 2721 nos
342 2655 436 2739 plane
460 2676 524 2720 non
548 2677 650 2740 usque
675 2676 803 2739 quaque
826 2654 917 2721 illum
943 2660 1091 2721 nostrum
1117 2651 1265 2718 dictione·

102 2760 185 2826 rium
215 2760 257 2825 ab
280 2761 366 2825 omni
390 2761 579 2843 exceptione
605 2760 807 2827 defendimus
830 2761 980 2826 alienum.
1027 2760 1172 2824 Primum
1197 2756 1265 2843 quie

102 2886 164 2929 non
188 2865 312 2947 singula
335 2865 560 2947 complectitur
584 2864 702 2951 (neque
727 2867 812 2932 enim
835 2886 970 2933 numero
992 2864 1264 2950 comprehendere

103 2969 217 3052 refert)
240 2990 299 3033 nec
322 2970 495 3034 catullum
519 2972 552 3036 in
575 2972 662 3035 omni
684 2973 849 3038 hominum
872 2978 953 3053 vita,
983 2971 1193 3057 quantumvis
1213 2969 1265 3034 im·

103 3095 222 3139 mensae
252 3073 479 3157 magnitudinis
509 3077 751 3142 vocabularium
784 3077 905 3144 factum
936 3082 994 3143 aut
1020 3075 1151 3157 fictum,
1186 3072 1264 3159 quod

105 3202 215 3245 omnes
238 3180 393 3263 cujusquo
416 3179 530 3263 linguae
555 3181 712 3248 dictiones
735 3183 1021 3267 complecteretur,
1045 3183 1165 3248 deinde
1197 3179 1265 3265 quie

107 3286 140 3350 in
163 3285 361 3371 exponendis
383 3285 547 3351 vocabulis
578 3288 692 3354 crebro
717 3289 836 3369 variat,
866 3289 996 3354 tametsi
1019 3287 1081 3353 hoc
1106 3288 1265 3369 contingat

680 3451 697 3489 tl<

179 3567 188 3612 1
213 3565 264 3613 Der
287 3564 467 3615 franzishnncr
491 3563 615 3615 Matthias
642 3565 774 3631 Duringlr,
801 3565 914 3617 welcher
936 3565 1052 3634 Replicea
1076 3582 1164 3633 gegeu
1191 3564 1263 3616 Paule

106 3648 261 3701 additiones
280 3651 392 3714 schrieb,
412 3652 465 3718 vgl.
485 3652 590 3703 Reusch
609 3653 644 3702 im
661 3654 763 3703 Bonner
783 3653 898 3720 theolog.
918 3654 986 3705 litbl.
1008 3658 1073 3705 1871
1096 3671 1118 3705 s.
1139 3657 1192 3706 254
1211 3671 1231 3704 a.
1247 3657 1264 3703 1.

104 3742 117 3788 2
140 3738 314 3805 Hieronymus
338 3741 406 3807 Opp.
426 3739 465 3791 ed.
492 3740 614 3792 Erasmus
633 3739 755 3804 (Basileus
776 3744 854 3808 1516)
877 3743 952 3793 Τοιιι.
972 3743 993 3790 V
1012 3741 1060 3794 l'ol.
1081 3744 1125 3794 80.
1200 3742 1265 3793 alst

101 3828 128 3878 ln
148 3828 193 3878 dcr
212 3844 262 3879 ven
282 3831 405 3879 llremnus
426 3829 673 3895 heruusgegebeneu
698 3830 842 3895 erklarung
861 3830 928 3897 Opp.
950 3830 979 3893 V,
998 3829 1043 3880 iol.
1067 3833 1115 3881 129
1136 3832 1175 3896 fg.
1199 3830 1265 3880 nicht

104 3916 149 3968 der
168 3916 222 3968 sall.
290 3922 305 3967 4
326 3916 394 3967 lllste
413 3917 497 3983 fruge:
520 3918 592 3968 Hier.
613 3918 678 3985 Opp.
699 3918 738 3967 ed.
759 3917 884 3969 Erasmus
904 3917 947 3980 IV,
967 3917 1012 3968 fol.
1034 3919 1076 3968 68.
1147 3916 1265 3969 stslm

102 4004 186 4073 11111]
205 4006 327 4057 Gemeint
345 4004 404 4056 sind
423 4005 465 4056 dic
485 4013 564 4057 verte
582 4006 627 4058 des
647 4007 824 4072 Hieronymus
843 4006 923 4073 (Opp.
944 4006 983 4057 ed.
1001 4005 1129 4057 Erasmus
1144 4005 1197 4058 vol.
1211 4002 1265 4056 11111

103 4092 147 4144 iel.
168 4094 218 4160 ab.)
239 4095 278 4147 Ab
298 4094 349 4144 hoc
370 4109 545 4159 versansque
565 4093 597 4145 ed
618 4110 766 4145 ..versum
792 4095 819 4144 in
844 4095 958 4145 hebraeis
982 4093 1120 4145 codicibus
1148 4111 1201 4146 non
1224 4093 1264 4143 ha·

103 4180 187 4231 batur.
226 4183 355 4245 (lrrmritnr
374 4198 435 4248 crgo
459 4183 587 4247 (palamede
613 4183 755 4249 Apostolus
780 4183 831 4234 hoc
854 4198 918 4234 usus
942 4183 977 4232 sit
1000 4182 1154 4234 testimonio
1173 4184 1200 4233 in
1217 4181 1263 4247 epi·

105 4270 173 4319 ntrvln
205 4286 282 4335 «prium
311 4271 344 4321 ud
370 4272 499 4321 ltomunon
528 4274 641 4337 scripsit
684 4271 881 4338 Respondemus
906 4270 1061 4339 Apostolum
1087 4271 1120 4323 de
1147 4273 1264 4324 Deutero-

104 4357 191 4407 nomio
210 4366 234 4407 et
255 4359 356 4411 cmteris
374 4359 562 4425 scripturarum
581 4359 647 4410 locis
667 4359 717 4411 hoc
735 4361 916 4413 testimonium
934 4359 1060 4413 texuisse.
1130 4393 1131 4396 =
