2790 4882
80 4410 133 4596 1

711 288 777 354 236

163 487 356 563 procurator
378 483 464 558 tuus,
487 476 603 544 doctus
627 476 756 562 quidem
780 486 812 543 et
834 477 867 542 in
890 477 941 544 bis
965 477 1036 564 qirae
1067 479 1110 544 ad
1134 479 1241 545 forum
1265 501 1339 564 par·

164 583 269 649 tinent
291 583 453 650 interdum
475 581 519 649 ad
541 591 685 649 nostrum
710 605 880 649 recurrens
903 583 1078 650 oraculum.
1124 585 1339 668 Componitur

162 688 309 774 dialogus
330 691 363 755 in
387 690 434 755 tui
450 688 668 755 defensionem
691 711 751 773 per
765 689 870 754 virum
889 689 1138 756 ldoctissimum
1161 692 1337 775 utriusque

162 803 308 861 nostrum
340 795 582 874 amicissimum,
615 796 707 880 eujus
743 816 858 860 nomen
892 806 925 861 ct
959 795 1040 861 alias
1068 795 1245 880 qualitates
1277 818 1336 862 sno

162 906 309 986 tempore
334 902 426 966 scies.
471 901 510 965 ld
538 920 624 965 nnnc
655 908 687 966 te
716 901 799 966 seire
822 899 969 981 sufficiat,
993 901 1079 986 quod
1103 909 1136 967 et
1159 902 1281 967 latinus
1304 909 1336 968 et

160 1026 284 1091 graeeus
319 1015 384 1086 est,
422 1006 520 1071 etiam
555 1026 618 1089 quo
649 1005 693 1070 ad
724 1014 884 1090 utrunque
925 1014 1105 1071 maternam
1136 1007 1281 1090 lingnam
1304 1015 1336 1072 et

161 1112 337 1198 primatum
353 1119 441 1177 tenet
455 1111 539 1176 inter
555 1109 757 1177 Christianos
772 1110 869 1196 hujus
886 1112 1004 1191 saeculi,
1027 1135 1091 1197 quo
1107 1113 1150 1177 ad
1167 1111 1331 1177 hebream

162 1225 196 1284 et
217 1217 458 1302 babylonicam,
488 1216 551 1281 hoe
573 1225 622 1282 est
645 1217 812 1300 vulgarem
834 1217 1050 1296 chaldaicam,
1081 1239 1180 1302 quam
1213 1217 1335 1283 hebrai

161 1324 326 1408 Europam
349 1323 533 1403 incolentes,
557 1322 635 1400 suis,
659 1322 719 1388 hoc
742 1330 792 1387 cst
815 1321 970 1401 hebraeis,
993 1322 1239 1389 characteribus
1265 1323 1330 1388 effi-

161 1429 251 1514 giant
274 1429 371 1495 etiam
398 1449 419 1493 a
448 1449 499 1493 me
521 1428 647 1494 ,Ioanne
669 1427 781 1493 literas
804 1428 878 1493 illas
902 1449 996 1494 veras
1025 1427 1180 1508 chaldias,
1213 1428 1332 1513 quibus

164 1533 338 1620 Presbyter
360 1533 526 1601 lohannes
550 1542 582 1599 et
606 1533 655 1599 sui
677 1538 708 1597 in
733 1554 845 1599 eorum
868 1534 970 1599 sacris
993 1539 1130 1598 utuntur
1157 1555 1222 1598 nun
1246 1535 1332 1618 igne·

162 1640 245 1707 viter
268 1640 389 1706 didicit.
436 1639 522 1705 Bene
546 1639 627 1720 nale,
651 1639 699 1704 vir
722 1637 908 1722 dignissime
932 1646 965 1703 et
987 1659 1114 1704 omnem
1137 1661 1223 1723 pone
1248 1637 1332 1716 (cru-

163 1746 249 1828 mus)
273 1751 404 1811 mctum.
450 1745 500 1810 Ex
521 1744 612 1825 urbe,
638 1750 679 1810 25
703 1745 859 1810 ianuarii.
905 1745 997 1810 Anno
1024 1749 1118 1808 1616.

250 1872 411 1936 Gedruckt:
433 1877 447 1932 l
466 1873 549 1933 =J.
566 1891 592 1931 v.
610 1887 636 1931 e.
654 1878 666 1932 t
683 1876 720 1930 4²
735 1871 779 1930 bis
796 1888 822 1931 v.
844 1871 1032 1930 2=Bulaeus
1049 1871 1068 1929 l.
1086 1887 1110 1929 e.
1128 1872 1225 1945 V1,p.
1243 1871 1329 1946 72lg.

699 2055 793 2121 CCII.

234 2145 334 2197 erran.
1066 2148 1099 2196 rc
1118 2144 1180 2195 nn.
1201 2144 1295 2213 (1515)

418 2232 598 2334 Eurycius
618 2231 760 2306 Cordus
778 2239 792 2286 ²
810 2261 859 2307 an
878 2233 1071 2308 Reuuhlin.

250 2356 374 2423 Mutian
397 2356 481 2422 habe
513 2356 568 2420 ihu
602 2355 831 2440 ausgesordert,
855 2356 1056 2442 gleichzeitig
1084 2357 1142 2421 mit
1165 2357 1271 2422 Hesse
1294 2379 1330 2421 zu

160 2461 340 2543 schreiben,
364 2460 510 2528 dadnrch
543 2468 724 2527 ermuntert
748 2463 924 2528 versichert
947 2485 983 2527 er
1004 2462 1057 2527 ihn
1084 2463 1190 2527 soiner
1207 2461 1330 2528 bewnn·

160 2566 293 2653 deneng,
323 2567 499 2649 bedaucrt,
533 2568 635 2633 durch
663 2569 750 2634 seine
780 2567 1060 2652 verheirathung³
1092 2566 1266 2653 gebindert
1295 2589 1331 2631 nu

161 2674 240 2754 sein,
270 2695 309 2738 zu
342 2673 408 2738 ihm
440 2696 479 2738 zu
515 2674 599 2740 eilen
622 2674 687 2739 und
720 2674 848 2740 mdchte
872 2696 950 2758 geru
974 2674 1027 2739 fiir
1049 2673 1104 2738 ilm
1127 2672 1233 2758 th'aitig
1257 2673 1329 2738 sein.

160 2779 253 2847 Vale.
300 2779 529 2864 Herphortiue,
553 2786 571 2845 7
597 2779 664 2846 Cal.
688 2779 772 2845 Febr
789 2780 811 2844 ⁴.

252 2902 412 2966 Gedruckt:
429 2907 457 2967 J.
475 2924 501 2966 v.
519 2922 544 2966 e.
562 2905 589 2964 A
605 2901 653 2965 4b.

727 3007 744 3045 aa

160 3101 231 3148 turos
255 3095 325 3162 quod
350 3097 385 3148 ibi
408 3095 583 3164 promovisset
607 3095 737 3161 evangelii
764 3095 919 3148 doctrinam.
955 3097 1023 3148 Ans:
1054 3097 1232 3147 Hamelmann
1255 3112 1330 3165 opera

159 3184 468 3252 genealogice-historica
492 3183 523 3234 de
541 3180 705 3248 Westphalia
730 3190 755 3235 et
774 3184 888 3235 Saxonis
916 3190 965 3236 ote.
997 3185 1094 3251 Lemgo
1124 3189 1189 3235 1711
1221 3201 1243 3235 s.
1274 3187 1330 3235 298.

236 3276 247 3321 l
270 3272 370 3339 Virum]
398 3270 569 3323 bekanntlich
600 3271 728 3337 Georgius
759 3273 892 3338 Benignns
922 3272 1134 3339 archiepiscopus
1172 3273 1329 3335 Nazarenus,

160 3359 214 3428 egl.
233 3365 323 3411 uuten.
360 3360 414 3410 sur
432 3359 474 3410 die
492 3360 521 3409 in
539 3358 635 3409 diesem
654 3358 735 3410 bricia
760 3359 952 3426 mitgetheilten
978 3359 1144 3422 thatsaeheu,
1171 3360 1331 3411 namsutlicb

161 3446 204 3500 die
227 3448 298 3499 einer
328 3447 411 3498 durch
436 3448 535 3498 Martia
560 3446 680 3513 Groning
711 3448 913 3498 veranstulteten
940 3464 1025 3498 neuen
1053 3448 1228 3499 lateinischen
1259 3449 1331 3500 tiber·

162 3542 272 3603 setrung
297 3535 340 3588 dcs
359 3533 559 3603 ungenspiogcls
581 3534 731 3601 gegenilber
756 3535 800 3585 dor
819 3535 970 3586 schluchten
989 3535 1043 3585 und
1061 3534 1226 3602 gefhlschten
1247 3536 1331 3587 bloch-

160 3629 282 3688 strutens,
302 3625 355 3691 vgl.
367 3624 435 3675 such
447 3624 523 3675 einen
535 3621 605 3674 brief
622 3622 666 3672 des
681 3622 885 3689 Christophorus
899 3623 1000 3674 Welsor
1017 3640 1051 3672 un
1064 3623 1209 3690 Peutinger
1223 3629 1256 3674 27
1270 3623 1330 3675 Juu.

165 3712 232 3764 1616
252 3711 288 3776 (J.
308 3728 333 3762 v.
353 3728 374 3762 e.
399 3712 489 3779 Bsst).
598 3715 612 3759 2
633 3710 691 3776 Vgl.
718 3711 832 3761 Cruuse:
856 3711 980 3761 Hanauer
998 3710 1227 3776 schulprogrnmm
1258 3714 1331 3773 1863,

162 3803 176 3851 6
196 3799 224 3850 C.
245 3797 433 3850 verheirathetc
450 3798 507 3849 sich
526 3798 608 3848 achon
630 3800 696 3848 1513
721 3799 769 3849 mit
787 3798 948 3865 Kunigunde
967 3799 1048 3849 Stella
1067 3815 1114 3849 aus
1135 3799 1329 3865 Frankenborg,

162 3886 337 3939 neruosas.
359 3890 401 3938 27.
473 3889 489 3935 4
510 3886 638 3952 Beilttufig
664 3891 757 3951 mbgen
782 3886 837 3936 hier
859 3886 945 3952 cinige
970 3902 1043 3937 verse
1067 3901 1115 3936 aus
1134 3887 1236 3937 Euricii
1256 3886 1331 3938 Cordi

164 3973 337 4041 expiatorium
363 3971 413 4036 (iuz
434 3989 512 4039 opera
529 3974 632 4040 poetica
654 3977 720 4025 1616
745 3991 766 4024 s.
790 3977 837 4025 146
859 3975 908 4040 fg.)
934 3973 1135 4032 erwhbntsein,
1155 3974 1288 4027 iudanon
1306 3989 1330 4028 et

167 4061 231 4113 iiber
249 4062 279 4111 R.
299 4057 383 4113 heidt:

273 4150 331 4201 Non
351 4153 442 4216 optutu
460 4149 544 4216 magis
563 4148 637 4201 dabis
657 4150 697 4200 illi
718 4148 785 4214 [dem
799 4148 914 4218 Mutiun]
934 4149 1032 4199 nuncia
1051 4163 1130 4213 qnam
1150 4163 1209 4213 quse

389 4236 470 4302 impia
488 4237 649 4303 Cupnionam
668 4243 784 4288 monstra
802 4236 915 4287 domasse
933 4238 1029 4287 ferunt.

269 4325 348 4379 Hunc
373 4340 497 4390 magnum
522 4325 628 4376 laudata
652 4325 738 4374 virum
756 4325 921 4390 primumque
939 4331 1042 4390 poetam

438 4411 552 4485 plurimu
572 4413 697 4469 victorem
716 4412 793 4464 saecla
811 4413 898 4467 valere
913 4413 984 4487 J'ube.
