2716 4898
648 307 711 374 143

90 495 212 582 quibus
244 516 302 560 vos
334 495 481 575 utimini,
520 494 579 560 sed
620 497 745 580 topicis.
800 497 874 562 Fuit
914 497 997 562 enim
1029 520 1128 582 genus
1160 519 1264 565 causae

90 601 349 678 deliberativum,
366 601 452 684 quod
468 601 500 663 in
517 601 786 666 consultationem
802 603 942 684 positum
959 603 1054 685 juxta
1070 604 1260 668 Ciceronem

91 707 193 771 hahet
215 707 248 770 in
272 727 306 772 se
331 707 512 770 suasionem
536 713 569 770 et
593 705 827 772 dissuasionem
848 709 867 786 ¹,
892 714 1093 792 quapropter
1118 730 1184 774 non
1201 731 1268 772 ma·

92 810 309 889 themathice,
341 810 399 875 sed
427 810 587 876 rhetorice
615 813 787 894 disputavi,
811 813 918 877 omnia
946 813 1146 878 concludens
1184 815 1269 879 citra

94 915 318 1000 praejudicium
340 915 502 992 veritatis,
533 916 620 999 quod
644 915 716 981 finis
743 917 867 982 consilii
894 919 957 983 mei
979 919 1088 1000 palam
1112 920 1263 993 ostendit,

95 1022 152 1087 ubi
186 1020 289 1086 detuli
317 1020 472 1085 honorem
502 1021 745 1106 archiepiscopo
781 1029 815 1087 et
844 1023 1001 1101 ecclesie,
1035 1045 1098 1106 quo
1136 1024 1264 1088 nomine

95 1126 272 1192 secundum
297 1125 562 1190 Panormitanum
590 1127 622 1190 in
650 1148 676 1191 c.
706 1128 1017 1194 excommunicamus
1041 1129 1081 1207 ll,
1106 1134 1198 1192 extra
1222 1128 1263 1192 de

96 1232 260 1296 haereticis
282 1230 518 1313 intelliguntur:
551 1231 655 1313 Papa,
681 1232 889 1298 Dioecesanus
919 1240 952 1298 et
979 1233 1150 1317 inquisitor
1182 1253 1267 1297 com·

97 1336 277 1416 missarius,
302 1335 418 1420 quibus
441 1357 492 1401 me
517 1336 648 1420 subjeci,
672 1344 873 1420 protestatus
897 1338 975 1402 nihil
994 1338 1153 1403 affirmare
1178 1336 1269 1417 velle,

98 1440 188 1524 quod
211 1440 346 1505 illinon
371 1442 577 1506 affirmarent.

190 1546 352 1611 Audivisti
386 1547 463 1631 quid
492 1547 555 1630 egi3
588 1548 665 1612 audi
693 1548 771 1632 quid
799 1548 914 1631 patiar.
966 1548 1099 1614 Judaeus
1137 1550 1270 1634 quidam

100 1649 289 1734 baptizatus
307 1651 506 1718 Coloniensis
524 1661 734 1736 cognomento
752 1653 960 1732 Pfefferhoru,
985 1654 1132 1718 omnibus
1148 1654 1270 1719 viribus

99 1756 207 1821 adhoc
231 1764 382 1836 conatus,
404 1764 443 1822 ut
467 1764 500 1823 et
523 1758 639 1842 singuli
662 1757 874 1824 Hebraeorum
896 1759 985 1838 libri,
1015 1765 1134 1842 praeter
1164 1759 1267 1824 solum

100 1868 134 1928 et
158 1861 283 1926 nudum
311 1862 417 1928 biblie
448 1869 588 1943 textum,
622 1871 919 1944 concremarentur,
950 1865 1001 1930 vel
1024 1867 1153 1948 potius,
1186 1865 1270 1929 sicut

100 1987 161 2050 ego
191 1968 261 2050 ipse
291 1969 466 2033 somniasse
497 1969 638 2049 dicerer,
666 1971 814 2035 incendio
844 1971 973 2054 ignique
1002 1970 1270 2035 tautummodoa

101 2072 232 2137 Gaesare
254 2073 536 2155 demandarentur,
560 2097 622 2139 non
640 2083 753 2141 secuta
770 2077 967 2155 executione,
990 2083 1028 2141 ut
1050 2086 1125 2142 aute
1143 2076 1267 2142 scilicet

100 2180 341 2259 executionem,
372 2181 400 2245 si
428 2181 616 2244 mandatum
643 2182 724 2246 illud
753 2203 832 2246 auro
865 2188 897 2247 et
927 2189 1061 2265 ai'gento
1092 2182 1196 2265 gravi,
1231 2188 1268 2246 ut

98 2284 240 2368 ipsemet
262 2286 394 2365 notarit,
418 2285 592 2369 aliquando
616 2294 839 2367 revocaretur,
871 2290 1035 2371 particeps
1058 2286 1152 2352 fieret
1181 2288 1269 2368 auri;

100 2411 175 2455 cum
200 2391 333 2456 vidisset
356 2412 406 2455 me
429 2392 525 2456 aliter
548 2393 715 2459 consulere
739 2415 836 2477 quam
859 2400 997 2477 optaret,
1022 2393 1124 2458 edidit
1153 2399 1267 2457 contra

100 2517 152 2561 me
181 2494 326 2561 libellum
366 2496 525 2562 famosum
555 2501 587 2562 in
616 2499 778 2564 lesionem
813 2499 951 2564 nominis
981 2499 1045 2563 mei
1073 2520 1111 2563 ac
1139 2498 1270 2562 honoris

101 2600 340 2666 intolerabilem
358 2604 378 2667 ‘·'.
404 2603 497 2681 Quod
520 2604 614 2669 multi
631 2612 781 2670 asserunt
802 2605 879 2668 mibi
901 2611 1009 2669 ortum
1025 2603 1144 2667 auxilio
1162 2602 1271 2667 eximii

100 2707 253 2772 Doctoris
277 2708 392 2773 Jacobi
423 2709 688 2775 Hoehstratensis
706 2710 727 2790 ³,
751 2709 868 2794 prioris
891 2709 999 2774 vestri.
1054 2708 1161 2786 Quare
1191 2707 1270 2771 mihi

102 2813 249 2895 quotidie
274 2814 464 2898 exprobrari
488 2804 585 2895 solet,
610 2817 686 2900 quia
709 2837 836 2899 semper
866 2815 987 2880 ordinis
1017 2813 1269 2897 predicatorum
1294 2841 1296 2846 ·

100 2921 354 3003 propugnator⁴
385 2921 516 3001 luerim,
548 2943 633 2986 nunc
660 2943 744 2986 nunc
773 2921 911 2986 habeam
938 2919 1121 2984 mercedem
1154 2940 1270 3000 meam,

101 3023 171 3102 hoc,
205 3025 371 3108 inquiunt,
400 3026 443 3090 sit
470 3027 622 3091 salarium
652 3027 871 3092 advocationis
906 3048 999 3106 meae,
1029 3027 1084 3110 qui
1114 3026 1270 3090 hactenus

104 3128 305 3194 defenderim
329 3131 576 3209 Praedieatores,
607 3139 654 3211 ut,
687 3134 838 3216 quoniam
868 3134 957 3217 juste
988 3133 1075 3216 passi
1104 3133 1170 3197 siut
1198 3152 1271 3196 con-

104 3236 283 3315 tumeliam,
308 3256 366 3318 ego
397 3244 486 3301 recte
519 3258 647 3321 quoque
681 3239 807 3320 patiar,
845 3240 998 3323 quatinus
1031 3258 1094 3303 uno
1123 3237 1270 3302 cruciatu

102 3349 135 3406 et
158 3342 354 3407 advocatum
377 3348 411 3406 et
433 3343 567 3407 clientes
590 3342 725 3407 infamia
748 3350 909 3428 torqueat.
956 3343 1033 3407 Haec
1062 3349 1138 3407 sunt
1169 3343 1269 3408 verba

104 3448 295 3512 emulorum
319 3455 500 3513 vestrorum
525 3448 711 3531 quaemihi
741 3449 819 3514 licet
841 3448 1013 3514 liventibus
1037 3448 1139 3512 oculis
1161 3453 1271 3513 tamen

102 3553 348 3618 subridentibus
371 3553 466 3631 labiis
490 3553 655 3637 objiciunt.

190 3660 259 3742 Ego
275 3680 350 3723 vero
373 3681 424 3723 me
441 3680 504 3723 non
520 3666 638 3741 putans
654 3659 806 3725 infamem
822 3660 909 3744 quod
925 3658 966 3726 ab
983 3658 1093 3723 infami
1109 3657 1270 3724 nebulone

102 3763 298 3845 confundor,
330 3763 463 3830 cuilibet
492 3765 704 3848 opprobrauti
736 3787 864 3848 semper
894 3764 1091 3849 respondeo,
1120 3786 1172 3829 me
1207 3785 1271 3830 nou

102 3870 237 3936 credere
262 3875 388 3935 tantum
411 3871 514 3935 virum
529 3870 655 3956 injuriis
671 3871 749 3936 dare
765 3893 905 3954 operam,
930 3871 983 3935 cui
998 3871 1166 3954 replicant,
1184 3871 1272 3953 quod

101 3976 237 4042 Judaeus
265 3975 447 4059 baptizatus
470 3976 557 4041 haud
587 3976 712 4042 frustra
740 3978 941 4042 nominatum
965 3975 1130 4042 doctorem
1162 3975 1267 4040 Hoch-

175 4178 185 4223 1
209 4171 373 4240 Ciceronem]
398 4173 429 4224 de
448 4173 547 4224 invent.
566 4173 578 4223 1
598 4174 640 4223 55.
674 4105 697 4255 ,ὕ
714 4177 738 4222 2.
758 4169 950 4237 Handspiegel.
1024 4170 1119 4234 avgl.
1140 4169 1205 4218 tiber
1224 4167 1270 4220 ihu

100 4260 142 4312 die
161 4262 258 4313 schrift
277 4277 328 4311 von
348 4262 381 4310 H.
402 4262 526 4312 Crernaus
545 4262 619 4312 Bonn
642 4263 716 4311 1869.
790 4264 806 4308 4
827 4258 1019 4324 Propugnutor]
1038 4259 1090 4323 vgl.
1111 4257 1272 4308 numentlioh

99 4348 142 4402 die
169 4349 254 4401 briefe
281 4349 326 4400 des
352 4352 428 4401 Peter
450 4349 537 4412 siber,
562 4351 662 4401 Lorenn
684 4346 824 4415 Aufkircb,
845 4346 959 4414 Wigaud
985 4362 1045 4396 vom
1065 4346 1174 4412 3¹,le
1203 4344 1271 4398 oben

99 4453 155 4493 nro.
175 4436 339 4490 LXXXVIII
356 4438 384 4491 ff.
