2716 4898
670 301 733 367 162

108 492 129 559 J
130 492 230 559 udaeis
245 492 509 571 condemnatum,
534 512 628 575 quem
647 512 778 558 sensum
794 498 852 559 tua
864 491 966 560 verba
980 491 1109 558 babere
1123 509 1187 557 non
1201 488 1275 556 sine

107 597 191 663 brim.
238 598 302 662 Fec
314 599 412 680 juxta
431 616 535 660 meam
559 596 590 660 in
608 601 640 661 te
661 598 901 679 synceritatem,
923 602 994 661 tum
1013 593 1113 661 facile
1136 593 1275 661 omnibus

108 703 205 767 etiam
219 702 402 768 nolentibus
417 701 607 767 satisfacies.
632 699 735 766 Valde
745 700 887 767 dolerem
903 700 930 766 si
943 706 1019 766 tuos
1030 721 1116 784 quos
1128 699 1275 765 hactenus

107 807 245 889 gloriose
260 806 367 873 vixisti
383 806 453 872 dies
463 827 535 872 eum
551 804 689 888 ingloria
701 826 893 888 componere
910 812 943 871 te
957 805 1172 889 contingeret
1202 803 1274 871 Con

108 909 297 998 lidoautem
314 913 391 996 quia
406 910 481 994 plus
496 910 642 976 fecturus
658 911 702 976 sis
720 932 816 995 quam
829 932 869 976 ex
884 916 917 976 te
929 908 1124 994 desyderam‘
1135 908 1273 992 possitol

107 1017 261 1082 citissime
273 1017 431 1081 calamum
441 1015 579 1096 arripies
591 1021 625 1079 et
636 1014 916 1100 Chalcograpbum
930 1036 1128 1098 componere
1142 1013 1270 1080 curabis

108 1121 187 1186 Vale
211 1128 245 1187 et
267 1128 342 1185 voto
365 1120 460 1185 amici
484 1120 531 1184 tui
553 1140 643 1203 pare,
667 1127 701 1186 et
722 1142 804 1204 pace
826 1120 925 1204 plena
945 1119 1075 1187 frueris.
1124 1121 1197 1186 Dat
1219 1118 1269 1184 Co

107 1224 200 1290 loniae
224 1225 368 1291 Sabbato
391 1231 467 1291 onte
490 1224 663 1290 Invocavit.
711 1228 803 1291 Anno
829 1230 924 1291 1512.

52 1434 55 1439 ,
193 1365 353 1425 Gedruckt:
380 1371 395 1425 l
414 1387 456 1419 =
470 1367 497 1426 J.
515 1385 541 1426 v.
557 1384 583 1426 e.
599 1385 625 1427 r.
641 1368 683 1441 iij.
702 1371 720 1427 2
738 1386 781 1424 =
798 1365 906 1441 Maius,
922 1367 983 1427 vita
1000 1363 1147 1426 Rencbliu
1166 1381 1195 1440 p.
1215 1365 1266 1424 338

107 1471 151 1530 bis
168 1474 242 1531 340.

629 1700 755 1769 CXLII.

177 1807 252 1858 Cbln.
1014 1806 1048 1856 29
1067 1804 1146 1857 Febr.
1169 1804 1238 1855 1512.

102 1911 270 1985 Desertus
313 1925 462 2010 totaque
500 1910 657 1985 facultas
696 1936 810 1986 sacres
853 1908 1053 2009 theologiae
1093 1907 1263 2010 generalis

102 2033 214 2106 studii
242 2032 471 2107 Coloniensis
505 2034 652 2133 egregio
680 2047 715 2108 et
743 2034 852 2109 docto
887 2034 967 2108 viro
1003 2033 1157 2108 caesarei
1186 2031 1265 2132 juris

104 2155 246 2229 doctori
283 2157 424 2230 famoso
459 2156 609 2231 domino
644 2158 813 2232 ,Iohanni
848 2155 1033 2233 Reuchlin
1070 2155 1264 2232 Suevorum

104 2277 436 2355 confederationis
441 2280 570 2380 judici,
582 2282 743 2356 moranti
753 2280 990 2381 Stutgardiee‚
1008 2278 1133 2354 amico
1150 2290 1263 2353 nostro

616 2404 760 2480 dilecto.

192 2569 350 2655 Spiritum
383 2578 509 2638 rectum
543 2572 674 2638 innovet
705 2572 739 2636 in
772 2576 805 2637 te
838 2569 988 2638 Christus
1006 2572 1037 2636 ¹.
1084 2569 1264 2654 Accepimus

102 2674 215 2742 literas
239 2684 321 2757 tuas,
346 2677 534 2761 spectabilis
558 2697 596 2742 ac
619 2678 746 2762 egregie
770 2676 827 2756 vir,
851 2697 892 2742 ex
914 2674 1032 2760 quibus
1055 2675 1160 2760 probe
1183 2671 1263 2741 iutel-

102 2779 231 2865 ligimus
263 2787 296 2875 te
327 2783 369 2849 ab
400 2782 526 2848 unitate
556 2789 677 2848 senctae
700 2783 815 2847 matris
838 2781 981 2847 ccclesiae
1004 2801 1069 2845 non
1098 2780 1181 2846 velle
1209 2777 1262 2844 ullo

101 2893 198 2971 pacto
229 2888 399 2969 recedere,
430 2887 488 2954 sed
518 2888 550 2952 in
583 2908 622 2952 ea
653 2893 688 2952 et
716 2887 828 2954 vivens
851 2894 885 2953 et
907 2885 1047 2951 moriens
1070 2902 1262 2968 permanere,

103 2992 192 3075 quod
223 2990 330 3073 nobis,
364 2992 449 3057 sicut
481 2992 670 3078 aqualibet
693 2992 869 3058 christiano
892 2992 1013 3070 fratre,
1050 2991 1099 3056 ita
1133 2997 1167 3056 et
1190 3008 1262 3056 nunc

101 3097 262 3182 praecipue
294 3119 333 3163 ex
360 3102 393 3162 te
422 3098 640 3181 gratissimum
665 3104 715 3163 est
742 3097 866 3163 audire.
913 3098 1031 3163 Verum
1062 3097 1142 3181 quia
1163 3103 1261 3163 nostro

102 3207 177 3268 voto
208 3203 346 3269 necdum
377 3207 427 3268 est
458 3201 565 3268 satis
596 3202 734 3283 sactum,
765 3208 804 3268 ut
831 3200 1019 3267 scandalum
1056 3208 1260 3277 amoveretur,

99 3330 204 3394 neque
228 3309 349 3374 ferrum
373 3313 521 3373 maneret
543 3307 577 3373 in
599 3306 742 3388 vulnere,
765 3307 935 3374 hortamur·
958 3314 991 3373 te
1012 3313 1046 3372 et
1062 3306 1260 3374 obsecramus

102 3415 136 3479 in
167 3415 298 3481 Christo
328 3412 430 3493 Jbesu
454 3421 487 3479 et
514 3414 724 3498 requirimus,
754 3419 793 3480 ut
821 3435 915 3479 cures
938 3417 1102 3497 quatenus
1125 3412 1169 3479 ad
1199 3430 1260 3496 pro

100 3521 203 3588 rimas
237 3520 400 3588 nundinas
432 3518 743 3586 Frankofordienses
776 3518 896 3598 libelli,
931 3518 959 3583 si
993 3518 1049 3602 qui
1084 3518 1135 3583 tni
1165 3518 1260 3584 adbuc

102 3631 230 3706 extant,
263 3632 296 3692 et
320 3624 408 3708 apud
432 3624 627 3709 bibliopolas
650 3646 774 3691 vaenum
798 3623 960 3690 habentur
987 3629 1046 3689 aut
1076 3622 1185 3690 denuo
1212 3624 1260 3688 im-

98 3731 203 3814 pressi
235 3730 402 3796 advectari
431 3737 581 3815 possent,
608 3730 688 3796 nulli
711 3730 850 3814 amplius
874 3730 1073 3809 vendantur,
1106 3737 1140 3795 et
1162 3729 1260 3815 aliquo

97 3834 271 3902 dictamine
303 3841 379 3902 tuos
401 3835 527 3922 priores
550 3856 691 3917 revoces,
714 3826 788 3903 ores
811 3857 940 3922 quoque
970 3840 1104 3903 cunctos
1133 3834 1189 3922 qui
1214 3833 1260 3899 he

670 3985 688 4025 *

93 4074 230 4128 schmecht
254 4073 340 4126 huben
365 4073 554 4143 augenepiegel
580 4074 625 4127 fol.
648 4074 723 4126 xvh.
766 4075 888 4126 Gemeint
918 4074 990 4127 kann
1020 4074 1088 4126 auch
1114 4076 1172 4127 sein
1200 4077 1258 4140 Aug.

93 4163 139 4213 fol.
159 4163 238 4215 lllb.:
258 4161 304 4214 des
323 4165 362 4214 sie
375 4162 426 4213 dan
440 4164 488 4213 mit
501 4164 547 4228 jon
562 4163 663 4232 (Jesue)
678 4164 815 4230 gerechtet
834 4163 887 4213 und
908 4179 954 4213 vor
967 4160 1158 4217 liaillerlichem
1172 4164 1259 4216 ricbter

94 4253 137 4300 ain
157 4251 236 4302 urtail
256 4251 338 4302 wider
357 4252 383 4302 in
403 4250 539 4302 bebaltten
558 4250 659 4316 haben,
678 4252 787 4303 darumb
808 4268 835 4302 er
853 4253 906 4303 hab
925 4252 1010 4302 sollen
1032 4252 1149 4306 sterben.
1188 4254 1258 4303 mee

92 4335 227 4405 tuborung
245 4340 315 4391 stelit
332 4339 437 4392 frellicb
456 4347 536 4391 untes
556 4340 606 4392 den
626 4340 824 4408 schmltburrgou
845 4341 891 4392 der
904 4340 995 4406 juderi.

166 4430 176 4477 1
199 4425 274 4477 Ohne
298 4426 438 4479 oufsclrrilt
457 4429 482 4479 8.
