2716 4898
656 256 699 324 92

95 445 203 513 centia
235 451 270 513 et
301 445 467 513 doctorem
490 444 686 528 medicinae,
723 452 757 515 et
779 448 923 535 equitem
946 450 1108 514 auratum.
1153 447 1187 516 Is
1206 467 1253 531 me

96 573 208 637 supra,
241 573 339 637 quam
375 552 439 617 dici
463 559 576 638 queat,
607 552 748 620 fideliter
780 555 896 620 literas
919 552 1100 620 Hebraioas
1133 554 1253 640 primns

96 657 210 724 docuit
237 658 315 723 Post
344 679 419 724 vero
447 658 602 744 legatus¹
627 661 784 726 Rhomam
808 660 850 727 ad
880 660 1101 726 Alexandrum
1131 665 1253 725 sextum

97 765 153 850 qui
186 763 303 849 reliqui
336 763 467 830 fuerant
499 787 538 831 ea
565 766 599 830 in
630 767 740 850 lingua
771 787 911 832 canones
934 787 989 832 eos
1013 788 1032 832 a
1055 765 1254 832 Oesinatensi

98 869 234 951 Judaeo,
259 869 384 936 scilicet
399 870 505 936 Abdia
519 869 584 937 filio
600 872 715 938 Jacohi
733 872 880 958 Sphurno
903 872 1012 957 petivi,
1036 872 1094 957 qui
1116 892 1170 937 me
1186 892 1257 957 quu-

95 976 174 1041 tidie
198 983 269 1042 toto
292 975 461 1060 legationis
484 982 629 1063 tempore
653 1000 811 1064 perquam
834 978 1019 1044 humaniter
1039 979 1074 1044 in
1089 976 1257 1044 Hebraicis

97 1082 244 1162 erudivit,
268 1104 332 1148 non
356 1082 425 1148 sine
448 1083 581 1168 insigms
605 1084 764 1151 mercedis
786 1083 950 1170 impendio
968 1084 989 1150 ².

185 1188 278 1268 Quod
305 1188 436 1270 iccirco,
460 1211 610 1273 germane
634 1190 753 1272 frater,
781 1190 824 1255 ad
847 1196 880 1255 te
904 1190 1025 1270 scribo,
1055 1194 1094 1255 ut
1116 1187 1257 1256 animad-

95 1299 214 1374 vertas,
239 1300 272 1360 et
294 1294 411 1379 sapius
435 1316 508 1360 oum
531 1302 589 1362 tna
613 1302 719 1362 mente
750 1296 904 1377 revolvas,
928 1295 1058 1381 quantis
1082 1294 1258 1376 laboribus,

95 1400 298 1485 temporibus
334 1407 368 1466 et
396 1401 550 1486 impensis
579 1402 740 1468 hebraica
770 1402 886 1487 linguae
916 1401 986 1467 sola
1008 1400 1103 1466 initia
1125 1401 1257 1467 sortitus

97 1505 175 1572 sim:
205 1528 277 1592 quae
304 1507 365 1574 tibi
395 1529 480 1573 nnnc
507 1508 601 1592 longe
629 1509 782 1575 uberiora
804 1507 918 1588 trado,
941 1527 1039 1592 quam
1069 1506 1260 1591 acceperim.

97 1611 332 1679 Dictionarium
374 1614 457 1679 enim
493 1615 688 1680 Hebraicum
715 1614 818 1680 multo
850 1620 883 1679 et
922 1613 989 1679 acri
1031 1611 1141 1679 studio
1180 1613 1262 1679 solus

97 1718 219 1784 confeci
244 1725 277 1785 et
300 1722 553 1786 exercitamenta
576 1727 695 1801 cetera,
718 1740 802 1806 quae
825 1719 886 1785 tibi
915 1724 949 1784 et
971 1717 1073 1785 oculis
1100 1723 1134 1784 et
1159 1718 1262 1784 animo

96 1823 205 1890 videre
221 1824 341 1891 licebit.
367 1826 450 1892 Sane
467 1825 658 1892 recordatus
677 1827 813 1892 miseros
829 1831 941 1891 nostra
962 1829 1059 1889 aetate
1075 1823 1262 1890 Judaeorum

98 1944 213 2010 casus,
242 1931 299 2015 qui
326 1952 390 1997 non
420 1937 489 1996 tam
519 1953 558 1997 ex
585 1931 795 2017 irreperent
830 1949 928 2016 qnam
956 1930 1055 1996 etiam
1079 1928 1259 1996 Germania

98 2042 219 2102 nostrae
241 2033 360 2102 finibus
385 2036 472 2122 pulsi
495 2043 655 2122 coguntur
677 2037 759 2104 alias
782 2037 844 2104 sibi
868 2036 961 2103 sedes
992 2055 1139 2120 quaerere
1164 2040 1261 2120 atque

99 2141 142 2208 ad
164 2141 361 2226 Agarenos⁴
384 2142 555 2225 divertere,
579 2165 643 2229 quo
666 2143 813 2209 futurum
829 2148 888 2223 est,
911 2147 949 2207 ut
963 2139 1096 2206 tandem
1112 2139 1264 2206 hebraica

98 2246 211 2331 lingua
245 2266 319 2312 cum
352 2269 521 2315 sacrarum
555 2249 726 2316 literarum
758 2269 874 2334 magna
905 2247 1047 2332 pernicie
1078 2267 1181 2331 penes
1208 2266 1264 2312 nos

99 2359 212 2441 posset
244 2353 391 2420 desinere
423 2362 522 2441 atque
554 2377 763 2436 evanescere,
786 2393 830 2403 —
853 2374 979 2420 mecum
1007 2352 1077 2437 ipse
1111 2350 1266 2418 constitui

99 2460 142 2526 ad
165 2460 360 2526 tradendam
382 2461 576 2530 Christianis
599 2463 744 2529 hebraici
767 2460 924 2528 sermonis
939 2457 1090 2546 peritiam
1106 2456 1168 2524 hoc
1183 2457 1264 2523 libro

99 2566 207 2652 prima
236 2566 450 2633 fundamenta
474 2569 586 2653 jacere
613 2591 673 2654 pro
704 2566 880 2634 Clementis
911 2584 1017 2649 papae
1046 2562 1153 2648 quinti
1177 2582 1268 2628 sacra

101 2673 331 2739 constitutione
363 2673 404 2740 de
437 2675 599 2759 magistris
632 2675 710 2740 lata.
756 2672 849 2752 Quod
884 2691 958 2737 cum
981 2674 1056 2735 ante
1094 2689 1145 2734 me
1184 2667 1267 2732 inter

100 2777 235 2843 Latinos
259 2799 353 2845 nemo
376 2778 492 2846 fecisse
516 2787 683 2866 appareat,
708 2800 803 2865 spero
827 2776 901 2842 inde
930 2775 1069 2860 gratiam
1093 2772 1185 2838 haud
1207 2792 1270 2837 me-

102 2881 245 2948 diocrem
269 2889 303 2948 et
326 2886 415 2971 apud
437 2892 586 2970 posteros
620 2885 751 2952 laudem
783 2882 907 2967 absque
939 2878 1061 2945 invidia
1083 2900 1148 2945 non
1173 2877 1268 2943 inter·

103 2987 295 3053 morituram
322 2993 485 3077 consequi.

207 3100 325 3166 Tribus
353 3097 366 3137 ⁵
406 3100 519 3183 itaque
556 3096 771 3164 voluminibus
810 3098 917 3160 totum
961 3089 1145 3175 negotium,
1185 3087 1274 3172 adju·

103 3213 199 3273 vante
222 3207 301 3287 Deo,
332 3203 513 3271 conficiam:
545 3203 686 3288 primum
718 3202 781 3267 erit
815 3201 855 3266 de
882 3198 996 3277 literis,
1029 3194 1176 3280 syllabis,
1209 3194 1275 3260 dic·

105 3311 257 3393 tionibus,
280 3333 383 3396 usque
407 3310 450 3375 ad
477 3331 516 3374 ea
539 3308 711 3386 vocabula,
744 3328 828 3392 qnae
851 3327 872 3371 a
899 3305 929 3369 K
958 3302 1133 3387 incipiunt,
1163 3318 1274 3366 secun·

104 3417 181 3482 dum
220 3416 259 3483 de
299 3416 493 3483 dictionibus
532 3414 760 3480 inchoantibus
802 3412 844 3478 ah
884 3410 910 3474 L
946 3428 1051 3492 usque
1094 3407 1138 3472 ad
1178 3406 1272 3472 finem

684 3530 703 3566 re

104 3595 170 3663 prid.
206 3594 268 3646 Idus
286 3595 383 3647 Junias
403 3597 478 3646 Anno
497 3595 604 3645 Domini
628 3586 936 3643 MCCOOLXXXXVIII
962 3586 1064 3636 Primus
1091 3587 1120 3634 in
1143 3584 1224 3669 Lyrna·
1247 3583 1272 3632 in

105 3685 178 3733 curia
194 3683 376 3750 Imperatoris,
403 3683 538 3734 Secundus
566 3685 662 3734 Romae
687 3682 714 3730 in
739 3680 813 3730 curia
836 3677 924 3743 Papae
947 3673 1091 3725 Alexandri
1121 3673 1167 3724 VI.
1205 3673 1275 3725 Uber

106 3769 194 3822 boans
214 3771 268 3837 vgl.
288 3773 356 3824 oben
374 3789 430 3823 nro.
451 3771 559 3821 LXXII.

184 3859 267 3910 rrae
289 3860 361 3911 diosa
385 3857 585 3927 gesandtschaft
603 3874 656 3909 von
677 3859 744 3908 1498
762 3856 817 3922 vgl.
844 3854 912 3905 oben
937 3866 995 3900 nro.
1013 3847 1107 3899 LXIV.
1182 3847 1275 3914 avgt.

106 3948 235 4000 Renchlin
259 3963 280 3999 s.
303 3950 346 3998 46.
420 3950 435 3998 3
461 3948 511 3997 Die
535 3946 692 4014 allgemeine
717 3943 885 4009 vertreibnng
910 3957 956 3992 aus
980 3937 1095 4006 Spanien
1121 3936 1186 3987 fiand
1212 3939 1274 3987 1492

92 4043 181 4096 ¹ststt;
200 4037 266 4086 iiber
284 4035 327 4086 die
346 4035 482 4087 einzelnen
502 4035 693 4101 verlolgungon
712 4035 740 4083 in
759 4027 939 4083 Doutschland
957 4027 1013 4094 vgl.
1034 4028 1123 4088 Grata,
1142 4026 1234 4092 gorch.
1252 4023 1276 4073 d.

106 4124 203 4187 Judcn,
222 4123 264 4175 hd.
283 4124 320 4175 IX
340 4124 447 4191 passim.
514 4127 531 4173 4
551 4125 666 4190 Agereni
683 4143 719 4166 =
737 4121 865 4174 Saraceni
883 4121 928 4184 qni
947 4117 1099 4168 scilicetne
1118 4116 1276 4174 existimant,

108 4219 179 4264 ortos
198 4230 231 4263 ex
249 4212 362 4263 ismaele
383 4213 439 4263 filio
461 4213 557 4277 figaris
584 4219 609 4261 et
628 4211 780 4261 Abrahami.
819 4210 860 4258 Du
881 4208 972 4272 Gange
992 4205 1159 4256 Glossarium
1179 4203 1275 4254 mediae

109 4307 135 4351 st
152 4301 258 4351 infimae
283 4301 423 4351 latinitatis
441 4300 461 4362 1,
480 4315 501 4350 a.
524 4301 580 4350 139.
655 4299 818 4350 tMVNST.
842 4297 896 4347 Nos
920 4295 1012 4346 ordine
1034 4293 1082 4345 illo
1109 4293 1202 4347 relicto
1226 4296 1275 4341 tros

108 4387 192 4442 libros
210 4388 384 4445 commodiori
402 4387 493 4443 ordine
511 4389 539 4439 in
558 4388 624 4440 duos
642 4386 801 4456 digessimus
820 4401 863 4438 am
881 4383 957 4437 Rand
976 4387 1000 4441 2.
