2716 4898
624 261 662 325 17

51 447 310 527 Praedicatorum
339 447 564 515 Basiliensium
595 445 756 531 quendam
780 448 995 514 minutissimo
1029 450 1103 516 stilo
1133 472 1226 535 repo-

51 555 151 619 situm
167 554 313 620 libellum
329 557 339 592 ¹
355 555 402 618 ita
425 559 461 618 nt
476 552 615 618 fertilior
630 553 673 619 sit
688 559 721 618 et
736 555 874 618 maxime
893 555 1064 638 portabilis
1080 577 1143 639 quo
1160 556 1225 621 ele·

53 664 170 743 gauter
200 682 282 744 quas
313 659 461 744 Apostoli
490 680 611 743 graecas
634 659 899 742 conscripserunt
929 660 1083 744 epistolas
1107 662 1226 727 insunt.

53 773 87 830 et
110 766 188 849 qnia
211 773 278 830 tam
301 787 420 849 parvus
443 770 510 829 tam
533 765 636 830 multa
660 766 804 830 continet
825 764 868 829 ad
892 785 965 829 eum
989 772 1040 830 est
1064 766 1141 831 mihi
1157 767 1227 831 ani-¹

54 892 125 935 mus
157 879 279 955 praeter
309 871 451 955 reliquos
478 862 623 954 apprime
652 869 833 935 vehemens.
878 870 962 935 Nam
986 873 1047 935 etsi
1071 877 1190 937 caetera
1214 872 1227 912 ²

55 976 201 1058 ejusdcm
219 977 363 1040 materiae
379 977 454 1041 istic
478 976 586 1041 adsint
610 975 772 1041 volumina
796 996 867 1059 quae
889 976 1100 1060 idemipsum
1116 977 1227 1042 melio-

15 1101 16 1104 ’
55 1081 149 1146 ribus
173 1081 293 1146 litteris
318 1087 352 1145 et
367 1082 469 1146 isdem
486 1082 598 1164 graecis
622 1081 881 1164 complectantur
897 1102 968 1164 quae
983 1082 1131 1167 profecto
1151 1088 1227 1147 sunt

54 1207 119 1251 non
144 1186 217 1250 dico
241 1187 340 1270 dupla
356 1187 414 1251 sed
437 1186 587 1271 plurima,
612 1194 723 1252 tamen
746 1186 832 1270 quod
855 1188 916 1252 iste
940 1208 1031 1253 meus
1055 1189 1102 1253 ita
1124 1189 1226 1272 graci-

54 1291 95 1356 lis
120 1299 154 1356 et
177 1294 223 1356 ita
247 1293 405 1357 manualis
427 1300 535 1376 paret,
560 1300 597 1357 ut
620 1314 654 1357 se
678 1314 741 1357 non
763 1293 881 1377 injuria
897 1292 1106 1359 Enchiridion
1127 1294 1226 1359 nomi-

55 1418 167 1477 nares,
198 1399 314 1462 iccirco
337 1399 399 1463 nisi
423 1420 496 1462 eum
520 1397 664 1463 habuero
690 1397 790 1462 vitam
819 1396 933 1462 efflabo
958 1420 1059 1482 quam
1088 1404 1124 1464 tu
1148 1400 1227 1463 mihi

45 1503 156 1566 ‘etiam
180 1510 307 1567 mortuo
331 1503 428 1568 facile
451 1504 589 1569 reddere
612 1503 718 1587 possis
742 1503 817 1568 dum
840 1503 921 1567 illud
945 1504 1031 1587 quod
1048 1512 1139 1569 tuum
1163 1526 1227 1569 uon

56 1616 105 1673 est
121 1616 249 1673 tantum
266 1609 458 1689 consentias,
482 1615 519 1673 ut
535 1609 619 1673 bona
635 1609 713 1673 mihi
729 1608 912 1673 conditione
931 1615 1114 1693 praestetur.
1139 1609 1227 1674 Nihil

57 1713 185 1778 difficile
210 1714 268 1778 abs
293 1721 325 1778 te
349 1720 426 1797 pcto
450 1735 508 1778 nec
533 1714 618 1798 quod
642 1699 759 1779 damno
790 1714 885 1778 cedat
914 1736 974 1779 neo
1003 1715 1090 1798 quod
1114 1721 1227 1780 contra

52 1820 104 1903 jus
129 1818 243 1902 fasque
260 1820 310 1884 sit.
347 1803 390 1883 ld
406 1820 489 1884 enim
505 1841 604 1884 unum
620 1824 697 1903 peto
713 1841 773 1903 pro
791 1819 852 1884 hoc
868 1819 936 1884 solo
956 1827 1101 1903 tempore
1118 1819 1227 1886 finem·

58 1947 119 2008 que
135 1924 272 2007 posthac
295 1925 427 2008 petendi
449 1931 644 2009 praesentem
667 1925 752 1989 hunc
776 1931 884 1990 statuo
908 1948 948 1991 ne
973 1926 1034 1992 tibi
1056 1926 1143 2011 pluri
1161 1949 1224 1992 mo·

57 2027 159 2094 lestite
176 2030 304 2095 futurus
323 2030 382 2094 sim
407 2037 440 2095 et
462 2030 551 2095 haud
575 2030 687 2096 dubito
712 2031 789 2114 quin
813 2053 863 2096 me
887 2032 1051 2113 exaudies
1076 2019 1227 2098 videlicet

57 2143 92 2200 ut
115 2136 389 2231 Praedicatoribns
405 2137 593 2202 assentiaris
617 2136 746 2201 easdem
776 2137 929 2221 epistolas
960 2138 1132 2202 canonicas
1157 2159 1226 2202 rem

634 2271 652 2310 *

131 2354 139 2396 1
165 2348 218 2396 Der
242 2346 336 2409 codex,
363 2364 404 2396 urn
428 2347 477 2396 den
502 2363 530 2396 es
553 2348 610 2398 sich
634 2350 661 2398 in
686 2348 744 2399 dem
770 2349 853 2398 briefe
873 2348 992 2412 handelt,
1019 2349 1054 2398 ist
1073 2348 1115 2398 die
1134 2349 1159 2397 in
1182 2349 1227 2398 der

58 2435 227 2484 texteskritilr
248 2435 292 2484 tlcs
312 2451 336 2484 1.
356 2443 373 2484 t.
393 2445 467 2484 noter
487 2435 544 2484 dem
563 2452 656 2485 namen
678 2436 761 2486 codex
780 2438 963 2505 llasilieusisp
977 2438 1039 2487 odor
1055 2438 1111 2487 cod.
1126 2437 1227 2487 Reueh-

58 2524 100 2573 lin.
128 2524 261 2573 belmonte
285 2522 451 2572 handschrilt
474 2523 519 2573 dcr
542 2525 633 2574 Basler
655 2524 811 2587 bibliothclt.
849 2529 891 2576 Sic
917 2533 1023 2576 stammt
1049 2542 1097 2575 aus
1125 2526 1183 2575 dem
1203 2527 1227 2575 X

54 2613 140 2676 jahrb.
166 2612 218 2660 nod
243 2611 343 2661 entlralt
366 2613 413 2662 auf
433 2615 483 2662 303
504 2613 771 2678 pergamentblitttcrn
791 2615 817 2662 in
837 2621 915 2664 octav
935 2614 981 2664 das
1000 2630 1068 2663 nene
1088 2621 1229 2664 testament

59 2703 104 2750 rnit
125 2701 271 2749 ausuahmc
295 2700 340 2749 der
363 2701 529 2766 apocalypsc.
569 2702 666 2751 llinten
690 2701 742 2750 und
761 2717 825 2752 vorn
850 2703 909 2752 sind
928 2703 996 2753 noch
1017 2704 1103 2768 cinige
1123 2705 1228 2753 weltere

59 2789 167 2852 11111111,
198 2791 245 2838 mit
268 2790 381 2838 stiicken
407 2789 612 2839 verschiedeuen
639 2789 753 2840 inhaltes
779 2790 964 2855 besem-ichen,
992 2791 1136 2857 beigesiigt.
1176 2793 1231 2841 11111

59 2877 106 2927 den
135 2893 200 2926 vora
225 2878 394 2942 cingesiigten
418 2877 560 2928 besoudcrs
585 2879 701 2928 fcliirten
726 2880 874 2930 tblttttorn
898 2879 958 2930 sind
981 2888 1056 2930 anter
1079 2880 1125 2931 der
1150 2881 1227 2930 iiber·

58 2966 152 3015 schrift
176 2967 233 3015 lloc
258 2965 332 3014 modo
356 2981 426 3015 ntiae
451 2964 574 3016 adoratur
594 2967 666 3015 Deus
685 2967 720 3016 bl.
744 2969 772 3016 lb
789 2968 829 3018 bis
850 2970 880 3017 4h
901 2985 950 3018 voa
971 2968 1016 3019 der
1036 2968 1104 3018 hand
1124 2966 1226 3018 Reueh-

58 3054 108 3102 lins.
129 3053 222 3102 stell-n
244 3039 290 3102 aas
311 3053 494 3118 Hieronymus,
512 3053 641 3114 Lactanz,
660 3054 721 3104 Joh.
747 3055 961 3121 Chrysostomus‚
984 3057 1128 3122 Dionysius
1149 3058 1228 3106 Areo·

58 3145 154 3207 pagita,
177 3143 361 3206 [lieronymus
382 3142 500 3192 HIlarius
519 3141 572 3191 aud
592 3142 733 3194 Cassianus
754 3145 924 3211 eingetragen
938 3147 990 3210 (am
1005 3146 1135 3196 schlusse:
1156 3145 1228 3195 Finit

58 3229 175 3278 secunda
197 3246 256 3294 pars
282 3229 461 3293 adorationis).
500 3233 549 3280 Die
568 3231 751 3296 griechischen
771 3235 962 3299 eintragungen
981 3235 1029 3283 auf
1045 3234 1094 3282 den
1113 3233 1226 3283 blattam

57 3318 146 3367 lriatcn
168 3319 292 3368 seheiucn
313 3319 441 3369 ebcnfalls
461 3336 510 3368 von
532 3322 560 3370 R.
582 3337 614 3369 zu
634 3328 762 3370 stammen
790 3319 836 3382 (bl.
860 3325 926 3372 3042
948 3321 1058 3371 Sanctus
1084 3321 1227 3387 Dionysius

58 3406 88 3456 de
115 3407 305 3456 Ecclesiastico
330 3407 479 3457 hierarchia
501 3420 530 3457 c⁰
557 3414 602 3458 111
627 3409 666 3458 sic
690 3416 747 3459 orat
772 3425 796 3459 u.
818 3425 838 3460 s.
857 3425 889 3458 w.
913 3411 980 3460 304¹>
1003 3410 1113 3459 cosmas
1133 3411 1226 3459 Hiero·

57 3495 180 3560 solymita
201 3497 226 3543 in
247 3496 343 3560 lrytnno
363 3504 513 3561 pentecoste
533 3511 558 3545 u.
579 3512 599 3545 s.
619 3513 650 3546 w.
671 3499 737 3547 3062
756 3495 856 3565 Ορφὲως
876 3493 908 3556 εἰς
922 3489 967 3546 hia
985 3495 1095 3566 ὓυμϊκμα
1110 3515 1134 3548 u.
1149 3515 1169 3548 s.
1185 3515 1227 3559 w.,

59 3584 156 3632 zuletzt
180 3583 247 3631 noch
276 3584 323 3632 aul
345 3584 429 3633 ciuem
457 3579 629 3649 perplui-blatta
657 3586 796 3651 aufldsung
823 3586 896 3635 einer
928 3585 1021 3635 anzahl
1052 3584 1228 3651 abgcltiirzter

58 3673 231 3736 marginalium
252 3670 296 3721 des
317 3671 421 3737 codex).
454 3675 493 3721 An
514 3672 647 3721 mehreren
667 3673 760 3723 stellen
780 3674 839 3724 sind
853 3674 971 3725 hiibsche
984 3675 1151 3724 miuiaturen.
1185 3676 1228 3724 Sie

57 3764 126 3824 traigt
149 3761 332 3824 gegenwl'rrtig
356 3760 398 3809 ‹lie
421 3761 542 3826 signatur
567 3761 598 3809 A.
623 3761 654 3811 N.
673 3763 717 3811 lv.
738 3767 762 3811 2.
803 3762 857 3812 ‚tut
874 3762 919 3812 der
937 3763 1083 3813 innenscitc
1103 3762 1148 3813 des
1168 3779 1227 3813 vor-

57 3847 135 3913 dcrca
160 3849 267 3897 duckels
294 3850 374 3898 steht:
400 3849 452 3900 llic
477 3850 544 3899 liber
569 3850 616 3898 Est
639 3850 747 3900 fratrum
771 3851 962 3916 predicatorum
982 3853 1133 3902 Conventus
1154 3852 1228 3902 Basi-

57 3937 157 3997 liensis,
177 3937 281 3987 scheint
301 3953 350 3986 von
372 3937 416 3986 der
435 3937 503 3987 hand
524 3937 676 4000 lleuchhus,
696 3939 742 3989 dtis
757 3939 1061 4005 dariibergescltriebene
1075 3941 1126 3990 Hic
1145 3937 1227 3989 lieber

56 4025 175 4090 dagogen
195 4026 230 4073 ist
248 4041 298 4074 roa
319 4025 455 4075 derselbcn
476 4027 554 4088 hand,
575 4029 623 4077 wie
643 4027 684 4077 die
704 4027 911 4078 untenstohende
925 4029 1096 4093 bemerlrung.
1130 4028 1227 4077 Weiter

57 4123 149 4163 unten:
175 4113 312 4179 plusquam
338 4113 447 4179 triginta
474 4115 651 4183 a11n0s4apud
677 4096 850 4166 Reuchlinuin
875 4116 938 4180 fuit,
969 4116 1074 4166 tandem
1093 4120 1152 4181 post
1170 4115 1227 4164 cius

56 4213 165 4252 mortem
184 4203 301 4251 redditus
321 4203 470 4253 conventui.
504 4205 560 4253 Auf
576 4205 621 4254 der
641 4205 785 4254 inncnsoite
806 4205 850 4254 des
869 4205 988 4254 lrinteren
1008 4204 1114 4253 dcchels
1135 4205 1161 4252 in
1182 4203 1227 4252 det

56 4292 136 4341 obern
156 4291 221 4340 ecke
241 4291 328 4341 rcclrts
347 4291 427 4341 steht:
448 4291 523 4342 Card.
544 4293 680 4359 llagusini.
737 4298 749 4343 2
772 4293 875 4361 catera]
896 4295 1010 4358 getnoint
1030 4293 1064 4342 ist
1077 4309 1101 4343 u.
1120 4309 1141 4343 a.
1156 4292 1225 4342 wohl

57 4380 124 4429 auch
139 4379 185 4429 der
204 4395 260 4445 sog.
280 4379 344 4429 (lod.
365 4382 423 4431 Bas.
441 4382 479 4442 la,
499 4383 539 4431 ein
560 4382 802 4448 evangelioacodrx
821 4399 868 4433 aus
888 4381 946 4432 dem
966 4384 981 4435 8
997 4382 1085 4447 jahrb.

83 4495 217 4537 Raucth
998 4476 1014 4531 2
