2716 4898
646 283 823 377 aar,

184 474 227 537 nt
249 493 326 539 vero
349 471 406 539 ubi
428 479 538 538 essent
560 472 783 557 Tubingenses
812 471 916 536 nostri
945 470 1134 555 politiorum
1155 471 1248 538 litero·

94 599 165 643 rum
191 579 314 644 strenui
337 578 466 656 milites,
496 577 671 644 adrentum
705 596 812 643 meum
844 575 1047 657 subodorati,
1082 577 1173 643 misit
1191 599 1250 643 res

94 683 201 748 demia
217 691 288 750 tota
304 706 381 750 snos
396 684 440 748 ad
456 706 507 749 me
524 685 659 767 legatos,
678 692 768 750 certe
794 683 879 749 viros
902 689 938 747 et
959 704 1095 749 numero
1111 691 1147 749 et
1167 684 1253 768 digni

94 797 163 854 tate
186 789 391 873 spectabiles,
421 799 521 874 atque
544 810 671 856 summo
704 791 737 853 in
761 796 850 854 statu
874 788 1040 868 sublimes,
1064 790 1121 874 qni
1144 789 1254 855 unirer-

94 894 202 959 sitatis
232 916 357 960 mecum
387 897 514 960 nomine
544 904 680 978 agerent
707 902 905 980 orarentque
935 902 982 975 ut,
1009 895 1100 980 qnod
1122 896 1156 960 in
1180 896 1255 980 Rojis

94 999 247 1065 hebraice
270 1023 438 1085 graecequc
462 1023 566 1085 nuper
588 1003 767 1085 coepissem,
791 1001 824 1066 id
849 1000 1003 1084 deinceps
1025 1001 1115 1066 inter
1137 1001 1255 1079 Suevos,

96 1127 185 1171 meos
208 1107 332 1172 scilicet
348 1116 588 1184 conterraneos
610 1105 808 1190 perficerem,
825 1106 995 1190 proposita
1016 1106 1114 1171 simul
1130 1106 1172 1171 de
1186 1105 1254 1191 pub

95 1210 158 1276 lieo
182 1213 297 1276 aerario
321 1212 405 1296 stipe
433 1210 609 1277 honorifica
631 1213 708 1277 milri
734 1212 908 1296 quotannis
929 1212 1121 1295 praestanda
1139 1214 1160 1277 ¹.
1183 1213 1255 1290 Quo

95 1337 164 1380 rum
190 1340 346 1397 sermone,
371 1324 408 1383 nt
430 1320 486 1401 qni
509 1327 598 1383 esset
620 1340 641 1382 a
663 1317 880 1402 prudentibus
907 1318 1092 1384 homiuibus
1125 1325 1253 1396 exortus,

94 1421 189 1487 facile
213 1424 450 1502 commonebar,
479 1424 557 1508 quid
586 1425 727 1508 majores
759 1423 800 1488 de
832 1424 940 1507 patria
963 1425 1080 1509 cuique
1105 1445 1165 1490 sua
1186 1445 1253 1509 pras

94 1530 241 1614 ceperint
263 1530 533 1595 animadvertere.
568 1529 842 1595 Beneiaciundum
867 1530 1019 1596 uidelicet
1040 1531 1168 1614 patriae,
1189 1552 1254 1615 pug-

95 1635 237 1700 nandum
260 1636 460 1718 propatria,
484 1643 518 1700 et
541 1636 672 1701 senibus
696 1635 788 1701 nobis
805 1636 1003 1702 moriendum
1028 1637 1062 1701 in
1086 1638 1204 1720 patria
1225 1643 1253 1701 nt

95 1740 182 1806 unde
212 1742 311 1806 vitam
341 1742 491 1807 eduxeris
521 1742 597 1807 illuc
633 1742 749 1807 saltem
780 1763 898 1825 corpus
925 1762 1073 1826 reponas.
1123 1743 1253 1808 Honesta

95 1845 163 1910 lraec
187 1848 272 1912 ratio
295 1847 474 1931 putabatur
504 1848 628 1913 consilii
653 1847 811 1928 mutandi,
839 1847 928 1931 quod
950 1848 1060 1932 potins
1084 1848 1249 1914 fomentum

95 1951 237 2032 desidiae,
274 1975 371 2038 quarn
405 1953 574 2019 literarum
606 1953 706 2018 otium
732 1954 855 2018 nutrire
878 1951 1040 2019 dicebant
1088 1955 1173 2033 Quid
1197 1962 1252 2020 tun

95 2056 330 2122 eislacerem?
353 2057 475 2142 placuit
496 2060 649 2145 utrinque
673 2058 825 2124 conditio.

184 2162 303 2229 Locavi
332 2164 589 2248 Tubiugeusibus
620 2186 797 2255 graecarum
828 2170 862 2229 et
894 2150 1122 2232 hebraicarum
1158 2165 1252 2232 litera·

95 2291 166 2335 rum
190 2291 308 2355 operas
331 2276 365 2335 et
395 2270 456 2335 boc
484 2269 633 2336 semestri
664 2278 734 2337 toto
762 2271 900 2355 puerilia
931 2272 1065 2357 imparis
1089 2272 1253 2358 discipline

96 2375 204 2440 studia
232 2377 352 2442 nostris
380 2375 585 2442 auditoribus
618 2377 761 2461 exposui,
788 2377 1053 2464 diversarumque
1086 2378 1253 2463 linguarum

95 2487 130 2547 et
152 2483 321 2548 commoda
354 2490 387 2548 et
419 2481 512 2575 firma
542 2483 606 2566 jeci
630 2482 849 2562 fundamenta,
878 2484 995 2569 cuique
1023 2483 1176 2549 facultati
1197 2503 1252 2549 sus.

95 2587 264 2654 Professus
288 2588 371 2653 enirn
389 2588 549 2674 frequenti
574 2610 643 2654 sum
660 2589 821 2655 auditoris
844 2589 876 2653 in
901 2588 1059 2654 cathedra
1084 2589 1251 2666 doctorum,

95 2700 128 2758 et
161 2693 202 2758 de
233 2693 368 2778 pulpito,
401 2694 622 2760 doctissimum
648 2695 858 2760 Hebraeorurn
892 2697 1150 2779 grammaticum,
1186 2692 1254 2761 Rubi

96 2799 208 2866 Mosen
226 2800 332 2866 Kimhi
350 2802 371 2880 ²,
396 2801 481 2885 quod
507 2800 662 2880 volumen,
688 2823 872 2886 quanquam
896 2823 917 2866 a
936 2800 1047 2867 multis
1069 2802 1179 2868 fuerat
1199 2810 1253 2866 tan

95 2892 217 2972 «ludaeis
240 2927 336 2991 quarn
362 2906 486 2971 Latinis
515 2915 591 2972 ante
620 2908 732 2986 visum,
760 2915 869 2973 tamen
899 2929 971 2973 cum
1003 2908 1036 2972 in
1060 2929 1168 2974 meam
1190 2907 1255 2973 inci·

95 3009 144 3076 dit
167 3010 416 3096 praelectionem,
446 3019 496 3077 tot
524 3012 674 3077 scatebat
696 3012 830 3091 mendis,
859 3019 896 3078 ut
927 3014 957 3078 in
983 3013 1175 3098 castigando
1204 3012 1255 3077 dis

94 3115 192 3202 cipuli
216 3117 289 3202 plus
313 3118 468 3202 temporis
492 3117 661 3183 dimidium
683 3118 821 3202 perdere
845 3125 1047 3203 cogerentur.
1099 3120 1187 3185 Nibil
1209 3118 1256 3184 ab

95 3222 199 3289 simile
224 3223 315 3289 nobis
339 3232 415 3289 tunc
439 3224 479 3289 de
503 3224 698 3309 Clrrysolora
721 3225 886 3308 contingit,
916 3233 996 3309 apto
1012 3246 1116 3308 graece
1141 3227 1257 3291 initian-

95 3329 144 3396 dis
161 3329 391 3410 Grammatico,
416 3330 507 3415 cujus
531 3330 715 3414 scriptionis
739 3337 850 3395 errata
872 3351 935 3395 non
959 3351 1060 3414 parvo
1085 3329 1198 3398 labore
1219 3331 1257 3396 in·

95 3443 147 3502 ter
170 3435 349 3502 docendum
374 3436 613 3522 castigavimus,
637 3458 677 3500 ne
708 3435 856 3501 indoctos
879 3433 1066 3501 ubertarem
1090 3434 1184 3502 filios.
1207 3437 1258 3501 Re

95 3549 184 3607 stare
208 3563 292 3608 nunc
316 3542 450 3622 videter,
481 3548 518 3607 ut
548 3549 622 3627 post
650 3547 799 3606 navatam
834 3541 1054 3607 elementariis
1087 3541 1259 3628 disciplinis

96 3668 228 3732 operam
252 3648 284 3713 in
307 3655 447 3734 utraque
465 3648 574 3732 lingua
590 3654 623 3712 et
646 3647 801 3712 hebraica
817 3655 850 3712 et
866 3668 979 3731 graeca,
997 3632 1153 3714 solidiore
1177 3646 1258 3714 audi·

95 3760 184 3820 tores
207 3776 296 3820 ineos
319 3776 449 3838 pascam
474 3755 555 3819 cibo.
602 3754 740 3818 Etcum
771 3753 835 3818 sint
858 3751 1036 3836 primarum
1062 3760 1197 3820 artat-um
1219 3752 1258 3818 iu·

95 3860 197 3944 geniis
220 3867 320 3946 atquo
344 3860 395 3945 (ut
419 3860 521 3926 libere
545 3860 672 3944 loquar)
702 3857 849 3924 omnibus
879 3858 1119 3942 incipientibus,
1143 3863 1258 3946 optima

96 3971 261 4032 eteorum
288 3965 418 4051 quidem
442 3964 671 4031 candidissima
695 3986 829 4051 qusque
854 3964 1082 4047 proponenda,
1107 3987 1179 4050 que
1201 3986 1257 4031 non

95 4069 250 4155 prodesse
274 4078 412 4152 tautum,
437 4071 494 4137 sed
519 4073 616 4138 etiam
640 4071 744 4136 amari
763 4069 897 4154 possint,
918 4068 1099 4153 profitebor
1114 4071 1257 4156 deinceps

169 4313 181 4355 1
200 4290 274 4358 iiber
297 4306 440 4359 Raucblinr
466 4306 614 4361 suientbslt
637 4307 690 4360 und
709 4307 821 4360 lehrrmt
838 4307 866 4359 in
884 4305 1026 4376 'itihingen
1048 4325 1071 4360 r.
1085 4307 1222 4372 Renslrlin,
1237 4321 1255 4357 r.

95 4396 147 4446 tlt)
166 4393 201 4465 fg.
274 4399 289 4448 2
310 4394 414 4448 Kimelri
438 4401 459 4448 1.
