2716 4898
647 286 713 352 120

93 475 194 543 verbo
236 474 367 561 quidem
405 475 594 560 respondes
653 475 725 541 Non
763 493 897 558 possum
933 474 1109 559 quicquam
1145 473 1185 540 de
1219 482 1243 541 te

94 583 270 666 suspicari,
302 582 365 646 nisi
393 582 481 666 quod
509 584 553 647 sit
589 581 807 647 eruditissimo
836 579 933 649 simul
963 587 998 644 et
1030 579 1243 647 humanissimo

95 688 164 753 viro
187 686 330 770 dignum.
375 687 557 771 Episcopus
579 686 738 752 Roffeusis
762 688 783 764 ¹,
813 686 863 750 vir
894 684 1158 753 absolutissimae
1184 687 1244 752 doc

93 793 216 871 trinae,
247 794 281 858 in
309 792 376 857 suis
404 792 448 857 ad
474 814 526 857 me
550 792 654 857 literis
676 794 724 856 ita
747 790 788 857 de
810 798 845 856 te
867 791 1028 856 meminit:
1061 792 1173 872 „Quod
1194 794 1243 858 mei

94 899 279 966 meminisse
302 897 452 975 volueris,
476 905 511 963 et
523 919 576 962 me
598 920 658 982 per
673 896 786 962 literas
809 895 962 977 salutare,
984 899 1110 981 gratias
1124 918 1184 982 ago
1195 898 1244 963 tibi

95 1005 255 1070 maximas
277 1011 311 1069 et
334 1004 509 1087 praecipue
532 1003 620 1088 quod
642 1003 683 1068 de
706 1001 862 1067 Reuchlin
884 1008 952 1067 tam
967 1002 1140 1086 diligenter
1153 1004 1244 1069 omnia

95 1110 280 1194 scripseris,
308 1109 361 1173 cui
388 1130 447 1192 ego
476 1107 572 1173 valde
605 1108 716 1187 faveo,
745 1129 931 1192 quanquam
958 1108 1124 1192 incognito
1151 1108 1243 1173 mihi‘.

96 1218 143 1281 Ac
165 1214 264 1299 paulo
287 1221 374 1298 post:
403 1213 473 1292 „Ad
496 1213 652 1279 Reuchlin
675 1213 768 1278 illum
790 1214 900 1291 redeo,
921 1215 1014 1299 cujus
1035 1234 1137 1298 opera
1153 1215 1243 1298 siqua

97 1320 238 1386 ediderit
270 1340 354 1404 quae
385 1318 474 1404 apud
508 1341 569 1385 uos
591 1340 654 1384 non
679 1318 816 1396 luerint,
852 1340 945 1385 cures
980 1340 1103 1405 quaeso
1137 1319 1178 1384 ad
1199 1340 1243 1384 nov

96 1425 244 1510 perferri
289 1424 374 1490 Nam
403 1424 483 1489 mihi
514 1424 608 1489 valde
637 1424 747 1508 placet
781 1424 917 1490 hominis
946 1425 1104 1505 eruditio,
1133 1431 1181 1504 ut,
1202 1425 1243 1509 qui

98 1530 232 1597 vicinius
254 1530 298 1595 ad
319 1531 480 1596 loannem
504 1530 616 1595 Picum
637 1532 823 1609 accesserit,
845 1530 945 1596 alium
967 1537 1080 1597 extare
1104 1532 1242 1597 neminen

98 1636 239 1702 credam
288 1636 425 1715 Vellem,
453 1637 603 1715 Erasme,
632 1635 847 1701 sciscitareris
875 1634 917 1701 ab
945 1655 984 1701 eu
1007 1657 1067 1719 per
1089 1635 1206 1715 literas,
1224 1636 1242 1700 si

98 1741 184 1808 forte
206 1742 299 1807 illum
320 1763 385 1808 non
409 1742 606 1821 conveneris,
628 1741 715 1806 uude
738 1741 902 1825 acceperit
924 1741 1146 1825 genealogiam
1172 1741 1242 1806 illan

98 1853 314 1913 sacrosancta
336 1848 467 1930 virginis
490 1848 601 1912 Mariae
624 1847 638 1886 ²
661 1867 759 1931 quam
781 1845 988 1913 vocabulario
1016 1867 1076 1913 suo
1099 1846 1241 1912 Hebraico

100 1954 262 2036 apposuit.
309 1952 526 2019 Vehementer
548 1953 633 2018 euim
656 1952 739 2017 scire
761 1951 871 2036 cupio,
894 1950 981 2017 unde
1005 1951 1127 2018 habeat
1149 1973 1186 2018 ea
1205 1971 1242 2016 res

100 2058 350 2137 authoritatem,
385 2059 544 2144 simulque
581 2078 722 2143 quonam
756 2057 851 2124 modo
877 2055 948 2123 fieri
978 2058 1091 2142 possit,
1121 2064 1159 2122 ut
1187 2077 1242 2122 cun

96 2163 191 2246 juxta
214 2163 357 2228 Philonis
389 2162 599 2244 breviarium,
624 2162 803 2228 Solomonis
831 2163 918 2228 linea
948 2163 1080 2247 penitus
1109 2164 1242 2229 intercisa

100 2268 209 2348 fuerit,
231 2269 304 2352 ipsa
324 2268 532 2335 nihilominus
555 2291 596 2335 ex
612 2268 781 2335 Solomone
800 2268 867 2333 illic
883 2267 1088 2336 descendisse
1104 2269 1242 2335 tradatur.

102 2372 245 2453 Generis,
269 2375 414 2455 Erasme,
437 2382 474 2439 ut
496 2396 587 2440 meus
603 2374 759 2440 Reuchlin
783 2372 933 2457 dignetur
947 2395 999 2440 me
1015 2373 1055 2439 de
1070 2373 1122 2440 his
1138 2374 1243 2440 duobus

102 2479 274 2545 certiorem
302 2479 442 2545 sacere“.
488 2481 630 2547 Rursum
652 2482 685 2546 in
708 2478 786 2545 fine:
836 2479 943 2560 ,Vale
966 2479 1088 2564 optime
1119 2481 1243 2554 Erasne,

101 2590 135 2650 et
164 2607 215 2650 me
245 2586 309 2670 ipsi
331 2584 490 2651 Reuchlin
518 2585 870 2652 commendatissimum
900 2585 1015 2665 facias,
1048 2607 1144 2670 quem
1175 2581 1243 2650 haud

100 2690 197 2756 dubie
220 2692 357 2756 viserem
379 2692 458 2775 ipse,
482 2691 510 2756 si
533 2713 596 2756 non
619 2691 669 2757 his
692 2691 793 2756 sacris
815 2690 958 2757 vestibus
978 2713 1083 2757 essem
1101 2691 1243 2757 indutus“⁴

99 2796 189 2861 Haec
212 2794 299 2875 mihi,
323 2796 489 2876 Reuchlin,
512 2797 561 2860 vir
583 2796 637 2862 ille
660 2795 859 2862 clarissimus
882 2802 996 2882 suapte
1025 2819 1125 2863 manu
1148 2799 1188 2863 ad
1207 2814 1244 2859 rue

101 2901 246 2985 scripsit,
270 2921 354 2984 quae
378 2901 577 2966 adverbum
600 2901 644 2967 ad
667 2908 699 2968 te
723 2904 929 2987 transcripsi,
953 2908 991 2968 ut
1014 2925 1054 2968 ex
1076 2903 1127 2970 his
1149 2900 1245 2968 intelli·

101 3026 168 3089 gas,
192 3007 307 3089 quanti
329 3012 362 3071 te
386 3006 495 3071 faciat.
542 3007 665 3092 Dignus
688 3014 739 3073 est
762 3008 814 3073 cui
836 3029 957 3074 morem
973 3015 1066 3094 gerat
1081 3008 1245 3075 humanitas

102 3116 161 3175 tua
183 3109 234 3174 vel
257 3109 300 3175 ob
322 3109 383 3176 hoc
405 3111 521 3195 ispum,
544 3113 630 3197 quod
654 3118 687 3178 te
710 3119 778 3180 tam
801 3114 955 3198 ardenter
976 3121 1075 3181 amat.
1122 3115 1187 3194 Nos
1201 3113 1246 3177 hoc

675 3248 693 3287 3

99 3326 194 3379 beiden
219 3329 302 3380 briefe
326 3328 373 3380 des
395 3331 523 3381 Erasmus
547 3331 608 3382 siud
631 3331 719 3383 vveder
742 3335 770 3383 in
795 3332 846 3383 deu
864 3334 930 3402 Epp.
953 3334 993 3386 ill.
1019 3335 1068 3386 vir.
1086 3336 1155 3386 noch
1174 3337 1199 3384 in
1215 3332 1248 3382 der

98 3417 285 3469 Erasmischsn
303 3417 523 3486 brielsammluug
542 3420 669 3471 erhulten.

174 3511 185 3556 1
216 3506 365 3574 Episcopus
390 3508 530 3576 Rollensis]
554 3508 691 3559 dchannea
718 3509 826 3560 Fischer
847 3509 909 3576 gab.
935 3525 957 3562 c.
980 3511 1056 3574 1455,
1081 3511 1138 3563 tritt
1161 3512 1188 3560 in
1213 3509 1249 3559 deu

101 3593 260 3657 geistlichen
284 3596 374 3657 stand,
398 3596 463 3645 vvird
488 3595 652 3647 beichtvater
677 3597 722 3648 der
742 3599 828 3664 grttfin
854 3614 906 3649 von
923 3598 1081 3663 Richmoud,
1110 3598 1156 3651 der
1173 3607 1251 3650 mutter

102 3680 230 3732 Heinrich
251 3681 309 3732 v11.
345 3684 401 3733 Vou
422 3684 521 3735 diesem
541 3685 605 3735 vvird
631 3701 660 3736 er
681 3688 748 3737 1604
766 3702 826 3736 uum
852 3686 959 3737 bischof
978 3703 1031 3737 von
1054 3687 1199 3739 Roohester
1220 3701 1253 3752 gc·

101 3767 203 3830 macht,
228 3769 281 3819 und
306 3784 357 3819 vou
381 3769 447 3834 ihm,
476 3772 525 3822 vvie
551 3788 603 3822 von
621 3773 749 3825 Heinrich
770 3775 832 3826 VIII
856 3775 917 3827 sehr
938 3775 1008 3827 houh
1029 3777 1176 3841 geschttzt
1213 3779 1253 3826 Des

101 3853 225 3906 letateren
244 3857 307 3907 huss
325 3858 396 3908 nieht
415 3875 443 3908 er
465 3859 524 3910 sich
549 3877 597 3924 au,
624 3862 665 3911 uls
684 3879 711 3913 er
729 3864 788 3913 sich
807 3864 927 3930 walgert,
951 3863 1045 3914 desseu
1071 3871 1141 3917 erute
1161 3865 1207 3916 ehs
1223 3865 1255 3912 ltr

100 3944 224 4011 uugilltig
248 3960 280 3994 uu
304 3945 437 4009 erhltreu,
462 3948 516 3998 uud
534 3949 656 4013 erluidet,
682 3951 800 4002 dadurch
819 3951 872 4001 uud
892 3951 973 4003 durch
992 3952 1076 4004 vieles
1096 3954 1254 4005 auderetur·

100 4031 209 4099 dachtig
226 4033 380 4098 geworden,
400 4034 449 4085 deu
468 4035 526 4098 tod,
546 4040 579 4086 22
599 4038 665 4088 duni
686 4042 762 4090 15³5.
801 4039 860 4107 Vgl.
880 4040 1256 4109 Hursog‚realencyk10padic

101 4121 145 4184 lV,
158 4135 178 4171 s.
192 4123 244 4173 408
256 4122 283 4172 ff.
322 4123 380 4173 Wis
397 4123 457 4175 sehr
476 4139 503 4174 er
516 4125 646 4177 Reuchlin
666 4126 790 4189 schatzte,
811 4128 914 4178 werden
934 4129 981 4178 wir
999 4131 1069 4180 noch
1082 4130 1174 4198 htufig
1191 4133 1217 4180 in
1228 4128 1256 4178 ei·

98 4223 182 4272 geren
197 4213 377 4276 lusserungen
389 4211 442 4261 und
455 4211 554 4262 brielsn
568 4213 614 4264 des
627 4214 751 4264 Erasmus
765 4216 976 4282 ausgesprochen
989 4217 1087 4269 finden.
1134 4223 1149 4269 2
1164 4216 1257 4284 geneal.

102 4297 178 4363 Man]
197 4300 252 4364 vgl.
276 4299 435 4351 Redimenta
462 4301 588 4352 hebraica
610 4317 631 4353 s.
657 4305 687 4354 19
705 4304 747 4355 bis
768 4307 810 4354 31.
848 4304 901 4354 Der
919 4305 1039 4371 gelehrte
1066 4305 1176 4358 bischot‘
1196 4307 1258 4356 htttc

102 4385 196 4437 nissen
218 4386 320 4450 ddrlen,
338 4386 399 4438 dass
419 4388 492 4439 disse
510 4389 672 4456 Genealogie
691 4406 739 4443 aus
754 4391 820 4442 lauh.
841 4406 898 4458 cup.
919 4394 935 4442 3
954 4407 998 4443 vv.
1020 4395 1053 4444 23
1074 4394 1116 4447 bis
1136 4397 1170 4446 38
1189 4394 1229 4446 ist.
