2716 4898
647 288 710 354 142

92 477 217 555 decere,
246 477 391 541 imitatus
424 475 545 542 Christi
576 478 787 544 sententiam:
821 478 924 545 Nemo
957 486 992 548 te
1027 483 1251 564 condemnavit,

92 604 234 665 aeaego
265 582 497 648 condemnabo.
544 583 625 647 Nam
658 604 696 646 ea
726 582 767 647 de
796 584 914 668 quibus
943 594 1018 652 erat
1045 588 1137 653 nulla
1169 587 1249 653 dnbi-

93 690 192 768 talio,
224 689 403 772 dequibus
428 689 555 771 publice
585 695 660 753 sunt
684 688 815 753 condita
833 690 918 773 jura,
948 691 989 757 de
1016 693 1137 777 quibus
1158 712 1253 758 sacro-

93 800 213 858 sancta
230 794 408 877 loquuntur
432 795 689 873 constitutiones,
713 814 784 878 quae
807 795 894 878 apud
919 816 1033 862 omnes
1057 798 1205 863 nationes
1225 804 1253 861 et

93 899 181 964 orbis
204 907 366 964 terrarum
394 897 473 965 fines
505 899 655 983 gravibus
686 899 789 982 poenis
818 900 955 966 inhibita
988 909 1023 967 et
1055 904 1161 968 vetita
1189 921 1252 985 pro·

92 1007 286 1090 mulgentur,
311 1004 536 1069 existimabam
560 1026 632 1069 esse
654 1004 784 1087 indigna
807 1006 948 1087 consilio,
973 1009 1053 1092 qnia
1071 1013 1150 1073 uota
1165 1014 1253 1090 atquc

93 1112 235 1194 vulgata.
274 1111 316 1174 Et
332 1116 440 1173 tamen
456 1110 661 1174 nihilominus
678 1131 716 1174 ea
732 1110 914 1175 detestatus
929 1132 1010 1191 sum,
1028 1120 1133 1198 utque
1144 1112 1253 1190 decuit,

93 1215 274 1299 reprobavi,
285 1215 397 1298 abjeci,
408 1214 626 1293 condemnavi,
643 1215 736 1279 sicuti
751 1226 826 1280 suut
836 1215 910 1279 libri
920 1218 1142 1303 cujuscunque
1152 1218 1253 1301 gentis,

93 1322 144 1404 cuj
149 1341 312 1403 uscunque
325 1319 449 1402 lingum,
464 1321 496 1383 in
509 1318 626 1403 quibus
639 1321 843 1385 continentur
853 1320 987 1405 injuria,
999 1322 1209 1406 blasphemia
1225 1326 1252 1386 et

94 1425 127 1490 iu
147 1425 390 1491 irreverentiam
408 1423 664 1489 Christianarum
685 1424 951 1491 constitutionum
969 1425 1055 1493 fictae
1076 1433 1190 1493 contra
1204 1447 1251 1492 nos

94 1530 234 1597 haereses
259 1530 409 1595 similiter
433 1536 465 1593 et
488 1529 671 1613 reprobatae
698 1531 845 1596 lectionis
873 1538 1020 1598 monstra
1047 1541 1174 1599 naturae
1203 1533 1251 1597 ini·

92 1638 186 1704 mica.
232 1635 349 1701 Curavi
374 1656 460 1717 ergo,
484 1640 520 1699 ut
542 1635 574 1697 in
603 1636 715 1718 primis
744 1636 943 1702 absolverem
973 1638 1171 1722 ejuscemodi
1198 1638 1251 1702 cri·

93 1744 225 1821 minosa,
251 1742 290 1806 de
315 1740 432 1825 quibus
455 1741 591 1822 primam
617 1741 648 1803 iu
672 1741 843 1806 Consilio¹
868 1763 939 1806 meo
963 1743 1054 1827 quod
1075 1743 1118 1808 ad
1134 1750 1166 1808 te
1181 1762 1250 1807 nuuc

97 1848 191 1911 mitto
226 1848 318 1930 posui
357 1838 470 1911 coir'tra
500 1844 629 1910 Judaeos
659 1846 905 1912 conclusionem.
967 1847 1045 1925 Qua
1079 1850 1142 1915 duo
1170 1848 1248 1913 facit:

98 1953 202 2035 primo
242 1952 325 2015 euim
362 1951 492 2034 repellit
529 1951 651 2032 scripta
689 1951 721 2015 in
744 1952 986 2018 irreverentiam
1018 1955 1079 2019 Dei
1115 1960 1149 2019 et
1174 1972 1248 2019 saue

97 2066 213 2135 torum,
238 2056 379 2121 secundo
404 2057 526 2139 scripta
548 2057 581 2118 in
604 2056 847 2122 irreverentiam
877 2059 1127 2124 christianarum
1150 2057 1248 2123 consti·

93 2164 255 2229 tutionum
279 2184 336 2226 seu
359 2161 607 2239 ordinationum,
631 2162 748 2245 quibus
771 2170 884 2248 aperte
901 2164 1112 2229 condemnavi
1134 2172 1167 2229 et
1182 2164 1246 2228 blm·

95 2268 241 2353 phemias
279 2273 312 2332 et
346 2267 484 2331 haercses
518 2266 712 2331 Judaeorum.
768 2269 930 2334 Praetorea
963 2269 1017 2334 fol.
1052 2270 1127 2335 XIV
1164 2268 1246 2333 libros

98 2374 281 2458 reprobata
305 2373 452 2438 lectionis
475 2371 582 2455 rejeci.

185 2480 307 2558 Quibus
337 2477 580 2563 praesuppositis
604 2484 759 2563 tanquam
787 2480 965 2546 manifestis
994 2479 1117 2546 diverti
1139 2478 1180 2544 ad
1199 2476 1247 2542 alia

95 2585 252 2651 librorum
276 2585 503 2651 hebraicorum
527 2601 655 2666 genera,
679 2583 865 2667 inquorum
883 2585 1006 2669 judicio
1032 2606 1096 2651 non
1113 2580 1246 2657 dubitari,

96 2713 225 2774 semper
255 2692 311 2755 illa
342 2689 481 2775 reproba
512 2690 581 2772 jam
615 2696 796 2771 praeuotata
827 2689 896 2755 fore
926 2690 968 2754 ab
997 2691 1085 2755 omui
1107 2711 1178 2756 meo
1199 2707 1248 2753 ser·

95 2819 189 2862 mone
225 2804 376 2880 patenter
413 2802 556 2878 accepta.
608 2795 813 2877 Quapropter
849 2816 922 2859 cum
962 2795 1123 2861 Thalmud
1157 2796 1245 2878 ipsum

96 2922 321 2986 prosequerer,
345 2901 497 2967 admonui
519 2900 633 2985 primo,
657 2898 850 2982 quibusdam
875 2902 943 2985 ejus
964 2901 996 2965 in
1013 2901 1094 2966 locis
1111 2894 1248 2965 contineri

100 3028 194 3089 posse
222 3007 440 3090 blasphemias
469 3014 502 3072 et
535 3007 692 3083 haereseS,
725 3005 865 3070 secundo
899 3007 1059 3073 vanitates
1085 3013 1119 3071 et
1142 3021 1249 3071 errores

96 3110 186 3175 Folio
215 3111 261 3176 Ill
291 3111 346 3174 F²
385 3118 418 3176 et
447 3112 531 3176 iufra
562 3111 648 3195 quod
685 3116 718 3173 ct
749 3112 858 3175 notavi
887 3110 963 3175 folio
992 3113 1021 3178 X
1052 3111 1136 3177 facie
1160 3110 1247 3194 prima

100 3216 186 3281 circa
209 3217 359 3296 medium,
383 3217 438 3282 ubi
461 3220 575 3299 aperte
598 3224 738 3280 mentem
767 3236 872 3279 meam
896 3237 994 3300 super
1022 3216 1184 3282 Thalmud
1211 3234 1251 3280 ex·

99 3323 220 3405 pressis
244 3322 382 3388 verbis³
413 3322 573 3386 declaravi
596 3322 723 3397 dicens,
760 3320 848 3405 quod
871 3323 970 3386 nolim
993 3344 1068 3387 cum
1091 3323 1252 3396 remittere,

104 3428 161 3493 ubi
183 3436 233 3493 est
256 3427 487 3512 reprobandus,
512 3428 570 3492 sed
594 3434 703 3492 tamen
727 3426 914 3506 ostendere,
937 3428 1025 3512 quod
1047 3448 1113 3492 non
1136 3433 1253 3511 propter

102 3534 264 3598 vanitates
289 3541 321 3597 et
345 3533 502 3598 stultitias
528 3532 570 3595 sit
593 3531 838 3597 comburendus.

187 3639 238 3702 Ad
261 3638 428 3721 negocium
444 3638 542 3720 igitur
559 3637 638 3700 mihi
653 3637 856 3720 propositum
869 3636 979 3701 multis
995 3643 1164 3703 oratorum
1180 3655 1255 3702 more

51 3776 53 3782 ·
99 3764 177 3808 usus
206 3765 276 3808 sum
310 3743 522 3827 argumentis,
551 3765 616 3808 non
639 3741 901 3808 demonstrativis
929 3763 1034 3826 neque
1066 3741 1256 3819 necessariis,

666 3922 681 3958 ’lt

163 4051 184 4111 '1
205 4059 382 4130 Rethsehlag,
401 4078 422 4114 e.
442 4079 465 4113 o.
486 4061 575 4113 toa.
598 4062 665 4114 1510
685 4074 741 4112 nro.
762 4059 868 4113 cxxm
941 4057 1015 4112 2111
1035 4056 1074 4128 R]
1108 4060 1148 4113 Im
1174 4070 1260 4128 eugen·

97 4148 200 4216 spiegel
227 4150 287 4200 sind
309 4168 350 4201 am
375 4151 455 4201 rende
475 4167 521 4201 aur
538 4151 682 4202 loichtereu
702 4151 864 4217 orientirung
895 4149 1014 4200 einaclne
1040 4149 1207 4201 buohstaben
1225 4160 1261 4214 gt·

97 4243 171 4288 uetat.
245 4239 421 4306 3Expressis
435 4239 532 4307 verbis]
563 4240 626 4301 „Nit
638 4239 684 4289 red
702 4238 747 4289 ich
767 4254 794 4288 es
808 4238 925 4300 darumb,
946 4237 992 4288 dau
1012 4237 1055 4287 ich
1075 4233 1261 4287 den'l'balmud

97 4324 175 4375 rvblle
194 4333 252 4391 gutt
271 4329 383 4378 macheu
402 4334 454 4379 aun
474 4328 523 4377 deu
542 4327 638 4391 endeu,
663 4327 699 4377 da
722 4344 750 4378 er
768 4342 801 4378 au
819 4325 971 4377 verwerffeu
990 4327 1034 4390 ist,
1055 4325 1173 4378 sunnder
1190 4322 1262 4376 allein

97 4426 129 4463 zu
148 4411 287 4481 beweisen,
306 4416 353 4468 das
373 4434 400 4468 er
418 4417 457 4467 nit
476 4415 679 4468 aurerbreuneu
699 4416 763 4469 oder
776 4413 970 4467 auverdilcheu
992 4416 1057 4465 sei.“
