2716 4898
615 292 679 363 363

57 489 202 548 sententio
218 493 247 546 et
263 502 315 563 pro
332 486 378 547 Jo.
394 487 475 567 (siet)
492 489 685 551 Hoohstroten
700 486 791 550 irutre
807 489 916 552 ordinis
932 492 1152 567 praedicatorum
1168 493 1229 555 latu

57 611 145 670 snper
169 593 315 668 speculum
339 592 462 655 oculare.
503 585 583 657 Uber
600 597 653 656 den
670 599 875 674 sugenspiegel
896 603 979 673 trogo
999 597 1044 658 ioh
1066 598 1112 658 bei
1133 601 1229 659 dieser

58 701 242 776 gelegenheit
272 697 405 774 folgende
437 703 516 760 nicht
547 705 779 763 uninteressuute
810 703 891 763 stelle
923 704 1006 765 noch.
1051 705 1229 779 Augustinus

57 806 183 866 Blaurer
198 805 325 864 schreibt
341 823 377 864 an
396 806 534 866 Genusus
551 807 673 868 Blaurer
689 809 718 868 in
734 809 877 869 Constunz
894 807 1065 888 (surndutiert)
1081 810 1228 886 folgendes

58 911 147 986 (Vod.
166 909 400 986 briefsummlung
417 914 445 970 in
463 914 502 971 st.
522 912 623 972 Gulien
640 922 708 974 tom.
726 915 792 987 XII,
811 914 901 990 209):

150 1013 275 1100 Adjioio
303 1014 345 1080 sd
369 1014 558 1098 Cotuiogum
583 1015 738 1083 librorum
766 1018 859 1084 nobis
881 1018 1171 1103 comparandorum
1195 1025 1230 1084 et

57 1121 164 1187 illum:
196 1120 334 1186 Oculare
363 1120 528 1205 speculum
553 1121 687 1187 Joaouis
712 1122 879 1189 Reuehlini
902 1123 989 1208 qood
1019 1123 1074 1190 ilie
1098 1125 1229 1209 scripsit

58 1228 91 1292 in
116 1227 301 1312 germanion
324 1233 437 1292 nostre
461 1227 570 1311 lingue
594 1227 710 1293 deinde
735 1227 928 1295 translatum
954 1236 1004 1295 est
1027 1229 1106 1295 illud
1129 1230 1163 1295 in
1184 1228 1229 1296 lu-

58 1334 162 1399 tinam
194 1354 322 1418 quoqne
354 1332 496 1415 phrasim
530 1355 550 1398 e
581 1333 723 1398 Murtino
758 1334 920 1418 Groningo
951 1334 1117 1428 Bremensi
1144 1334 1229 1420 juris

58 1437 230 1523 utriusque
261 1437 397 1503 doctori.
444 1438 561 1504 Utrum
591 1440 697 1524 possis
730 1461 919 1525 comparare
951 1441 1031 1506 illud
1062 1440 1229 1525 exemplar

58 1544 191 1624 mittito,
215 1545 347 1610 tametsi
370 1545 589 1628 germanicum
613 1547 735 1628 gratius
760 1552 860 1625 esset3
885 1554 1057 1632 utrumque
1081 1534 1108 1612 si
1135 1550 1229 1630 potes

59 1648 271 1737 (quamquam
310 1649 482 1715 difficulter
514 1673 639 1735 sperem
671 1657 708 1715 ut
738 1652 856 1734 possis)
887 1653 990 1717 mitte.
1042 1641 1230 1732 Qnaere'ex

59 1755 197 1822 Domino
230 1754 379 1821 Conrado
412 1758 438 1823 si
470 1757 646 1842 aliquando
678 1757 797 1822 viderit
826 1757 905 1823 illud
936 1764 994 1823 aut
1025 1758 1154 1841 legerit¹
1172 1764 1258 1824 aut'

59 1863 87 1927 si
110 1862 229 1946 possit,
255 1869 437 1928 mutuatum
463 1862 555 1929 nobis
580 1884 781 1948 perpaucos
805 1863 874 1928 dies
899 1861 1069 1929 bonafide
1093 1863 1230 1929 redden·
1329 1879 1336 1898 ¹

60 1967 137 2033 dum
161 1968 338 2053 anquirere.
386 1968 517 2033 Reiellit
539 1970 571 2034 io
598 1991 636 2034 eo
660 1969 815 2053 opusculo
839 1969 922 2035 Joan
946 1950 1132 2035 Reuohlin¹
1157 1968 1231 2055 (out

60 2072 197 2158 Copoi0,
231 2081 268 2138 ut
296 2096 330 2139 se
360 2075 464 2158 ipsum
496 2096 602 2160 greeoe
633 2075 740 2162 vocat)
765 2097 875 2141 omnes
899 2074 1132 2159 papistioornm
1155 2074 1231 2140 insi·

60 2179 131 2245 dias
161 2178 342 2263 falsumque
373 2181 613 2247 accusationem
644 2203 739 2266 quom
773 2183 804 2247 in
828 2181 994 2246 interitum
1017 2180 1105 2245 iilius
1128 2187 1231 2246 stroe-

61 2286 143 2350 baut
165 2284 499 2370 mschinobuntnrque
523 2288 609 2353 nitra
632 2294 704 2353 arte
720 2307 759 2352 ac
782 2287 921 2370 ingenim
946 2287 995 2350 vir
1010 2284 1106 2370 plane
1122 2285 1229 2351 divino

61 2391 222 2475 praeoonio
251 2391 379 2474 dignus,
415 2393 470 2476 qui
501 2393 550 2457 vel
582 2393 705 2478 primus
734 2393 805 2458 dira
835 2413 874 2456 ao
904 2390 1033 2456 funesta
1056 2391 1227 2475 impiorum

60 2498 132 2563 lora
156 2502 253 2583 atque
278 2497 404 2563 vincula
428 2498 546 2582 quibus
561 2498 686 2564 tamdiu
703 2497 943 2582 stringebemur
957 2497 1115 2581 praerupit
1130 2503 1229 2580 atque

61 2602 159 2686 fregit
190 2623 253 2667 non
284 2605 431 2687 exiguum
465 2604 520 2669 sed
553 2625 701 2687 magnum
733 2603 972 2668 emolimentum
1002 2599 1141 2666 afferens
1165 2601 1230 2668 Ln-

61 2710 156 2775 thero
180 2711 374 2794 exterisque.

29 2825 31 2829 '
150 2820 221 2879 an
247 2819 374 2878 soblusse
396 2818 469 2895 gebe
493 2820 552 2893 ioh,
576 2836 640 2877 zum
657 2814 733 2878 ¹theii
754 2819 792 2877 im
813 2818 979 2879 snsehlnsse
999 2835 1037 2877 an
1054 2815 1128 2877 oben
1144 2833 1167 2875 s.
1187 2819 1227 2877 93

60 2946 87 2986 a.
106 2931 136 2999 2,
159 2925 293 3000 iolgeude
313 2928 381 2984 zuei
401 2923 627 3001 grubsohriften,
656 2925 761 2985 welche
781 2925 841 2985 siob
863 2927 892 2984 in
908 2927 960 2984 der
976 2921 1156 3005 hondsohriit
1171 2922 1228 2983 Bs-

60 3034 137 3093 seler
153 3031 201 3092 off.
216 3034 283 3093 bibl.
300 3033 336 3091 D.
350 3031 398 3104 lV,
417 3037 434 3090 7
454 3033 518 3092 430
535 3032 586 3091 SS.
604 3034 632 3090 in
651 3027 685 3091 4⁰
701 3030 844 3091 befinden.
869 3031 923 3090 Die
938 3027 1116 3090 hendsohriit
1132 3030 1229 3088 surde

61 3141 211 3214 begonnen
227 3157 284 3198 von
300 3138 478 3212 Bonifaoius,
501 3137 669 3212 iortgesetzt
684 3155 739 3198 von
755 3138 879 3197 Basilius
896 3137 1071 3209 Amerbnoh,
1095 3152 1149 3195 von
1165 3134 1229 3194 dem

59 3245 134 3306 such
151 3244 196 3304 die
212 3243 365 3319 folgenden
382 3244 570 3319 gesohrieben
585 3245 657 3302 sind.
699 3242 747 3302 Iob
768 3243 913 3301 rerdsnke
929 3241 1017 3303 beide
1039 3240 1091 3299 dor
1114 3238 1230 3299 ineund-

58 3351 156 3410 liohen
179 3351 360 3425 mittbeilung
384 3350 435 3409 des
458 3349 513 3408 hrn
542 3350 575 3407 dr
600 3349 634 3408 L.
652 3349 752 3408 Sieber
776 3350 805 3406 in
829 3345 924 3405 Boset.
972 3345 1028 3404 Die
1050 3347 1114 3407 eine
1138 3345 1230 3404 tentet

60 3458 97 3535 (s.
118 3454 208 3532 407):
750 3539 753 3544 .

150 3557 291 3625 Joannes
320 3556 475 3624 Reuohlin
500 3555 655 3622 Phoroen.
679 3552 757 3642 LL!
780 3556 901 3621 Ductor
932 3573 1039 3619 eomes
1067 3551 1230 3636 palatinus

59 3662 238 3749 latelronus
264 3663 505 3729 Sicambronum
522 3662 601 3745 legis
618 3661 738 3726 tsoitus
759 3658 763 3747 Ι
785 3660 931 3743 Sneviaeq
952 3657 1103 3723 triumuir
1118 3658 1229 3741 Postq.

61 3769 174 3834 Musas
195 3767 199 3855 Ι
220 3769 435 3855 elegantiores
459 3754 530 3834 orbi
546 3767 654 3833 Germ.
674 3767 819 3832 restituit
839 3767 844 3843 Ι
863 3786 902 3830 so
925 3762 1111 3828 hebraicam
1136 3761 1232 3828 simul

60 3880 95 3940 et
128 3896 262 3958 grecam
294 3875 399 3960 lingue
419 3873 424 3960 Ι
445 3873 487 3939 ab
515 3873 650 3938 interitu
677 3871 807 3937 reduxit
834 3871 922 3954 cepit
949 3891 969 3935 s
992 3865 1134 3954 perfitdis
1162 3867 1233 3933 lite·

60 4001 173 4046 rarum
198 3980 345 4046 hostibus
368 3980 523 4063 sophistis
552 3975 792 4064 preJdioutorijs
814 3975 887 4042 frib.
912 3974 1110 4041 Hoohstrato
1134 3970 1229 4059 oum}

61 4086 197 4171 reliquis
225 4087 291 4152 suis
321 4092 354 4151 et
377 4085 561 4151 Christiano
591 4083 705 4150 Judaeo
727 4084 732 4170 Ι
753 4081 953 4148 Pfefferlsorn
980 4087 1111 4165 tamquo
1141 4100 1233 4172 nouae

61 4199 97 4258 et
119 4188 289 4277 perluersae
313 4190 469 4256 dootrinee
493 4190 610 4256 author
633 4188 753 4272 oonnipi
773 4187 777 4268 Ι
799 4193 865 4273 atq.
890 4186 1069 4282 multiiugis
1092 4184 1154 4250 fori
1181 4205 1234 4249 cu·
1338 4195 1341 4202 '

639 4329 656 4367 s

137 4425 148 4474 1
170 4423 219 4472 Am
238 4417 314 4472 rand:
334 4420 372 4473 Ex
391 4419 504 4490 ulionjns
522 4418 586 4470 boni
605 4418 656 4470 viri
674 4416 833 4470 bibliothece
852 4412 927 4467 illud.
