2716 4898
653 315 715 382 166

96 519 130 577 et
153 511 201 577 sic
224 510 333 575 omnia
354 508 508 574 constitui
530 506 609 572 mibi
632 504 769 590 agenda,
791 508 829 570 nt
857 509 894 570 tn
918 503 1089 572 &mones
1135 505 1261 573 Tracta

93 617 197 682 tulum
233 616 350 680 faciam
386 613 644 679 declarationum
680 632 826 676 mearum
858 610 891 674 in
932 610 1046 695 lingna
1082 612 1260 695 germanica

94 722 189 788 nobis
213 719 402 799 vernacula,
427 728 464 784 ut
486 740 526 783 ex
550 717 715 801 prioribus
737 717 803 782 tuis
826 714 931 780 literis
951 714 1016 781 tibi
1038 715 1173 800 placere
1195 738 1259 783 con·

89 827 179 913 jioio.
233 826 411 910 Expectavi
446 825 602 890 hactenus
631 822 889 888 informationem
924 820 1115 902 doctorum,
1157 830 1256 889 contu

95 931 277 997 bernaltum
304 938 453 1028 tuorum,
484 931 564 996 licet
596 928 728 994 frustra.
775 928 817 992 Et
843 947 928 992 nune
957 949 1019 1012 pro
1049 936 1111 995 tua
1137 950 1255 1015 quoque

98 1038 282 1116 voluntate,
316 1057 512 1122 quamquam
544 1041 672 1119 tempus
706 1033 880 1099 admodum
919 1032 1017 1100 breve
1055 1040 1125 1115 est,
1158 1040 1253 1101 tamen

97 1148 210 1209 noctes
225 1142 522 1222 insomnesduoam,
539 1162 578 1207 eo
587 1140 674 1226 quod
683 1139 752 1205 dies
767 1138 846 1204 mihi
861 1140 1073 1206 consumendi
1083 1141 1252 1208 necessario

93 1250 162 1333 jam
186 1250 251 1314 sint
274 1248 306 1312 in
336 1247 522 1332 reipublicae
546 1247 686 1330 negociis
709 1244 919 1326 secularibus,
941 1245 990 1311 ita
1011 1251 1051 1312 ut
1073 1247 1127 1313 vix
1149 1268 1250 1332 queam

98 1376 165 1438 prae
196 1352 364 1419 laboribus
391 1353 493 1418 hiare.
540 1351 603 1417 Sed
634 1358 743 1417 tamen
773 1356 909 1436 propter
937 1350 1115 1434 Christum,
1147 1352 1250 1437 spretis

98 1458 247 1525 omnibus
270 1458 352 1538 aliis,
376 1458 546 1543 operabor.

186 1563 279 1644 Quod
310 1570 343 1630 te
371 1564 402 1627 in
434 1570 578 1642 tantum,
613 1563 697 1629 sicut
728 1562 858 1642 scribis,
886 1583 946 1647 pro
970 1584 1022 1629 me
1046 1563 1202 1644 obtulisti,
1220 1570 1249 1629 ut

98 1669 366 1755 promissionibus
406 1669 446 1734 de
483 1690 534 1735 me
564 1668 629 1734 tuis
663 1668 837 1753 inquisitor
867 1668 1098 1753 acquieverit¹
1133 1691 1191 1735 neo
1215 1669 1248 1735 ad

101 1775 310 1841 cremandum
347 1773 492 1840 libellum
523 1774 645 1840 autad
670 1775 734 1839 mei
757 1774 957 1840 vocationem
980 1773 1023 1841 ab
1047 1774 1159 1861 aliquo
1179 1797 1245 1860 prs·

99 1882 267 1966 cipitatum
292 1880 399 1959 fuerit,
424 1886 513 1945 certe
537 1881 667 1965 utrique
690 1881 779 1964 parti
801 1880 926 1946 utiliter
941 1881 1072 1964 gessisti
1086 1883 1248 1966 negocium.

98 1987 181 2051 Nam
209 2007 339 2065 revera,
374 1987 500 2069 egregie
533 1985 662 2067 doctor,
695 1986 801 2052 anime
825 1987 884 2067 mi,
917 1993 973 2053 tuo
1002 1987 1095 2053 cordi
1129 2010 1169 2054 ex
1190 2009 1247 2052 meo

99 2091 196 2158 corde
228 2090 289 2156 hoo
324 2098 486 2156 secretum
508 2092 630 2172 revelo,
664 2093 712 2158 ita
743 2114 794 2158 me
826 2093 1098 2177 peritissimorum
1131 2093 1247 2160 consilio

100 2218 170 2262 esee
194 2196 374 2277 fundatum,
397 2197 446 2262 ita
469 2197 649 2263 validorum
673 2219 733 2282 ope
759 2196 938 2279 suffultum,
962 2205 1000 2265 ut
1022 2200 1130 2285 majus
1152 2200 1248 2266 aduer-

98 2302 193 2368 sariis
218 2302 446 2368 detrimentum
476 2310 510 2369 et
539 2325 648 2370 rerum
674 2310 707 2369 et
729 2304 824 2370 famae
856 2311 1019 2388 surgeret,
1047 2326 1147 2391 quam
1176 2304 1247 2382 mibi,

99 2409 125 2474 si
150 2408 227 2493 quid
252 2415 374 2473 temere
399 2415 513 2474 contra
541 2432 592 2475 me
615 2410 815 2484 molirentur.
861 2410 928 2477 Nec
954 2412 1031 2497 jura
1061 2412 1248 2496 pertimesco,

100 2515 157 2580 sed
181 2515 342 2600 injuriam,
367 2520 474 2580 stante
498 2514 717 2581 declaratione
741 2537 815 2582 mea
837 2517 869 2582 in
892 2517 994 2583 latino
1018 2515 1118 2584 edita.
1158 2518 1247 2597 Quare

98 2627 165 2685 tam
188 2620 237 2686 tui
260 2621 317 2701 illi,
342 2640 438 2705 quam
463 2642 522 2705 ego
545 2621 615 2704 ipse
638 2622 773 2687 meritas
797 2623 857 2688 tibi
879 2624 1003 2707 gratias
1025 2644 1160 2709 agamus
1175 2627 1246 2690 reete

98 2724 217 2806 licebit,
241 2726 389 2810 utrisque
413 2726 497 2790 enim
521 2726 681 2810 profuist'.
728 2727 830 2793 Crede
854 2728 947 2809 mihi,
978 2751 1040 2794 non
1073 2752 1144 2797 sum
1168 2728 1246 2795 desti·

99 2835 190 2896 tutus
228 2831 528 2914 potentissimorum
565 2833 702 2898 auxiliis.
757 2833 821 2899 Sed
861 2840 971 2900 tamen
1005 2856 1066 2919 pro
1103 2834 1245 2901 modestia

96 2940 221 3000 naturae
254 2958 333 3001 merc
365 2937 459 3021 cupio
487 2958 600 3022 paoem
630 2938 703 3021 plus
731 2959 830 3025 quam
855 2941 997 3024 gentium
1029 2948 1064 3007 et
1096 2942 1245 3008 nationum

99 3037 187 3104 bella
219 3040 269 3105 vel
297 3040 524 3109 diffidationes.
571 3045 614 3109 Et
643 3045 728 3110 malo
763 3067 834 3112 esse
865 3046 899 3111 in
928 3045 1012 3113 bona
1042 3047 1186 3113 amicitia
1208 3043 1243 3110 t'

99 3144 225 3228 collegii
247 3144 413 3211 hominnm
437 3149 730 3216 eruditissimorum
754 3173 827 3217 oum
850 3151 967 3236 quibus
990 3153 1130 3236 posthae
1153 3153 1246 3220 lutura

98 3250 142 3315 sit
171 3250 249 3316 mihi
284 3251 380 3317 docta
412 3260 446 3319 et
475 3255 582 3321 suavis
610 3257 812 3323 conversatio
852 3265 885 3323 et
920 3259 1026 3325 amica
1063 3259 1246 3335 fraternitas,

97 3376 194 3438 quem
219 3355 330 3421 litibus
354 3357 432 3424 dare
457 3380 598 3444 operam.
644 3362 752 3428 Facile
776 3363 847 3428 rixa
870 3363 992 3444 oritur,
1023 3365 1082 3431 sed
1113 3363 1246 3431 difficiles

98 3459 198 3526 habet
221 3463 350 3544 exitus,
382 3464 443 3530 hoc
466 3487 531 3530 non
556 3472 683 3533 tantum
715 3489 784 3551 ego,
816 3468 873 3534 sed
905 3469 1003 3535 etiam
1032 3491 1091 3539 vos
1119 3472 1246 3556 cogitare

97 3564 233 3634 debetis.

184 3672 277 3749 Quod
306 3674 369 3739 nisi
398 3696 486 3742 esses
516 3677 600 3744 alter
633 3701 704 3764 ego,
737 3680 805 3745 haee
835 3680 877 3746 ad
908 3687 942 3747 te
982 3701 1046 3746 non
1076 3683 1248 3750 scriberem.

94 3775 178 3839 Nam
202 3799 297 3862 quem
331 3786 455 3846 motum
479 3783 582 3850 cieret
608 3785 641 3850 in
666 3786 862 3853 militaribus
886 3792 954 3853 tam
977 3786 1143 3855 nobilibus
1165 3807 1250 3874 quam

96 3880 253 3965 plebaeis?
282 3884 379 3948 etiam
411 3886 483 3952 istis
512 3887 698 3957 deloricatis
730 3893 863 3972 tunicis,
893 3899 928 3958 et
957 3894 1158 3960 cicatricosis
1187 3892 1251 3959 veli-

93 3985 189 4067 tibus,
221 3988 248 4052 si
273 3989 507 4057 Demosthenes
536 3995 654 4082 aliquis
687 4020 795 4065 coram
820 4004 1005 4084 exponeret,
1037 4022 1077 4067 ac
1100 4001 1251 4067 rhetorice

93 4090 320 4159 declamitaret
343 4093 437 4179 hujus
460 4101 584 4181 negocii
606 4104 810 4190 principium,
834 4106 975 4171 medium
999 4112 1033 4171 et
1055 4104 1169 4190 finem,
1192 4108 1251 4192 qui-

93 4194 152 4261 bus
175 4196 274 4264 fuerit
297 4198 461 4282 Christus,
493 4204 611 4287 quibus
641 4209 740 4276 fuerit
762 4210 868 4278 fiscus
913 4212 1039 4281 Deinde
1062 4234 1170 4285 meam
1192 4218 1250 4281 on

675 4353 693 4394 ³1³

167 4437 177 4482 1
200 4433 337 4501 Aequierit
357 4443 381 4490 2.
