2716 4898
631 317 705 385 265

85 510 234 574 actutum
264 507 306 574 de
335 527 374 574 ea
405 529 441 574 re
471 509 644 576 certiorem
674 509 810 590 reddas,
851 508 1012 595 qnatenus
1044 509 1094 576 tui
1123 490 1255 577 honoris

84 612 282 679 defendendi
305 615 476 680 materiam
499 614 637 681 habeam
659 615 723 681 fide
750 616 888 699 dignam.
935 615 1075 681 Veniunt
1107 617 1192 682 enim
1214 615 1258 682 ad

84 739 144 785 nos
169 719 226 803 qui
254 719 304 784 tui
331 720 470 786 nominis
501 728 535 786 et
557 721 688 787 honoris
716 721 838 786 inimici
869 721 1010 786 existant
1043 719 1200 805 capitales
1223 727 1257 788 et

84 823 143 910 qui
165 844 218 888 me
234 824 447 891 Reuchlinum
463 849 535 911 quae
558 848 630 893 mea
654 828 756 911 gloria
780 833 830 893 est
854 827 994 892 maxima
1016 826 1193 911 appellent,
1218 847 1256 893 eo

85 928 177 1015 quod
200 927 250 995 tsi
271 931 410 995 nominis
439 953 545 1016 preco
569 933 706 999 existam
730 931 844 999 fidelis.
891 932 978 1012 Illis,
1006 933 1154 1017 inquam,
1177 930 1257 1017 obji-

85 1034 173 1101 ciam
195 1035 317 1120 scripta
341 1036 472 1103 veritati
496 1057 636 1104 consona
659 1038 691 1103 in
716 1046 806 1105 tuam
830 1037 959 1104 laudem
982 1039 1166 1116 maximam,
1187 1036 1258 1104 illo·

84 1161 160 1208 rum
189 1147 298 1207 autem
333 1142 553 1209 confusionem
576 1145 781 1228 praecipuam.
839 1143 1002 1209 Caeterum
1036 1143 1181 1225 memini,
1205 1164 1257 1210 me

85 1267 173 1312 anno
196 1245 292 1332 hujus
321 1247 430 1313 saeculi
456 1249 605 1315 undecim
634 1250 817 1334 postulasse
841 1270 861 1314 a
890 1255 924 1315 te
952 1249 1258 1334 interpretationem

87 1352 241 1418 dictionis
269 1352 595 1437 Semhammaphoras
610 1356 637 1434 ¹,
672 1361 708 1420 tu
740 1376 818 1420 vero
846 1353 890 1419 ad
917 1355 983 1420 alia
1013 1356 1084 1439 ejus
1114 1354 1258 1438 epistole

87 1458 230 1544 pleniter
263 1459 393 1544 quidem
426 1460 635 1545 respondisti,
667 1459 771 1525 solum
795 1460 855 1525 hac
878 1459 994 1525 vocula
1028 1481 1124 1544 quam
1148 1466 1259 1527 tamen

88 1563 229 1630 maxime
253 1565 393 1631 omnium
419 1564 553 1631 enodari
577 1565 747 1649 cupiebam
771 1565 900 1631 silentio
929 1571 1025 1630 tecta.
1071 1566 1202 1650 Itaque,
1225 1567 1254 1632 si

89 1691 138 1736 me
163 1690 263 1750 amas,
287 1671 356 1755 ejus
380 1670 530 1736 dictionis
554 1671 785 1738 derivationem
807 1676 841 1736 et
856 1671 1156 1755 interpretationem
1179 1671 1259 1738 mihi

90 1775 275 1842 conscribas
302 1789 428 1859 precor.
475 1775 546 1841 Non
579 1777 638 1843 abs
666 1799 702 1841 re
734 1776 768 1842 id
796 1782 891 1860 peto,
922 1781 997 1842 sunt
1027 1776 1112 1844 euim
1142 1777 1196 1862 qui
1225 1776 1259 1845 in

89 1881 252 1968 mysteriis
276 1902 315 1946 ea
338 1881 453 1946 vocula
482 1887 617 1948 utantur
645 1888 800 1967 tauquam
824 1881 1008 1947 sacerrima.
1055 1881 1136 1948 Vale
1158 1881 1257 1949 foelix.

176 2006 381 2068 Handschrift:
398 2008 632 2084 Nic.Ellenhogii
647 2005 796 2069 litorarum
812 2008 878 2068 libri
887 2008 938 2084 IX,
955 2025 1038 2069 mser.
1050 2026 1073 2068 s.
1086 2024 1113 2069 o.
1123 2008 1173 2070 fol.
1189 2009 1257 2070 26f.

576 2209 779 2277 CCXXXIII.
1259 2283 1264 2291 .

160 2298 254 2350 awon.
1111 2299 1225 2369 (rerer)

355 2369 527 2445 Gerhard
555 2370 708 2444 Listrius
736 2399 785 2444 an
812 2370 994 2446 Reuchlin

88 2515 209 2584 driickt
238 2517 298 2582 mit
327 2516 389 2584 den
422 2517 642 2585 lebhaftesten
670 2526 791 2584 worten
828 2519 916 2583 seine
951 2518 1178 2602 begeisterung
1207 2516 1261 2583 liir

86 2621 247 2690 Reuohlin
270 2644 338 2703 aus,
363 2624 456 2689 theilt
479 2624 553 2704 mit,
577 2623 662 2697 daea,
678 2623 877 2690 Pfefferkorn
901 2642 973 2688 cum
1007 2643 1071 2706 quo
1095 2641 1180 2706 saepc
1204 2628 1261 2689 tno

85 2729 219 2795 nomine
243 2729 321 2794 mihi
342 2729 482 2796 Coloniae
507 2752 558 2795 res
583 2737 654 2795 erat
677 2729 748 2795 eine
773 2750 854 2795 neue
879 2728 1034 2794 deutsche
1051 2727 1261 2794 streitschrift

84 2856 192 2919 gagen
214 2834 251 2899 R.
284 2835 349 2900 und
379 2835 442 2900 alle
474 2835 640 2918 gelehrten
664 2835 808 2900 erlassen
831 2834 945 2901 habe²
977 2835 1043 2901 nnd
1066 2833 1173 2915 bittet,
1196 2834 1261 2900 den

83 2939 305 3023 iiherbringer
327 2940 385 3006 des
410 2941 528 3006 briefos
559 2948 616 3024 gut
644 2940 889 3006 aufzunchmen.
935 2939 1055 3008 Griisse
1079 2963 1121 3007 an
1145 2936 1260 3007 Busch.

85 3045 180 3113 Vale.
228 3044 353 3112 Suollae.

181 3153 344 3217 Gedmckt:
361 3156 389 3216 J.
408 3172 433 3216 v.
451 3172 476 3215 e.
494 3156 521 3215 A
537 3152 574 3216 3¹³
590 3155 630 3231 fg.

578 3358 776 3425 CCXXXIV.

161 3445 281 3496 mneos.
1090 3443 1225 3511 (rorone

219 3536 385 3610 Joannes
412 3535 592 3610 Roffensis
620 3533 848 3637 episcopus4
876 3559 924 3606 an
951 3530 1134 3606 Reuchlin

87 3683 260 3762 bedauert,
284 3683 360 3750 dass
383 3684 452 3748 sein
468 3682 556 3748 brief
567 3704 609 3748 au
624 3683 679 3748 ihn
695 3681 842 3750 verloren
859 3701 1022 3766 gegangen
1038 3680 1094 3760 sei,
1117 3677 1263 3746 wdnsoht

665 3812 682 3850 lli

165 3906 175 3951 l
201 3902 227 3952 S.
247 3903 315 3952 oben
330 3905 363 3952 29
379 3903 446 3968 Aug.
466 3905 541 3964 1511,
554 3917 610 3952 nro.
624 3901 743 3952 CXXVI.
818 3905 832 3951 2
847 3900 969 3951 Gemeint
981 3900 1014 3949 ist
1028 3895 1205 3948 Pfefferlrorns
1218 3896 1264 3947 be·

86 3990 254 4058 schyrrnnng
277 3989 567 4056 15163vg1.Rouoh1in
588 4006 608 4039 s.
624 3992 682 4051 378,
703 3994 754 4039 ah
775 3989 828 4039 und
849 3991 897 4039 381
918 3989 945 4039 ff.
1018 3989 1033 4037 3
1055 3985 1113 4051 Vgl.
1133 3983 1267 4035 denbrief

87 4079 135 4130 des
154 4079 280 4129 Erasmus
300 4079 368 4128 oben
389 4095 444 4128 nro.
465 4078 607 4129 CCXXVI.
681 4083 697 4127 4
715 4077 777 4127 doh.
797 4076 916 4145 Fischer]
935 4076 984 4125 wic
1004 4074 1064 4125 sehr
1084 4072 1193 4123 Fischer
1212 4071 1263 4123 den

88 4167 221 4218 Renchlin
249 4167 384 4230 verehrte,
412 4166 512 4217 erzahlt
534 4167 672 4216 Erasmus:
699 4182 766 4232 pene
791 4163 927 4231 deperibat
951 4165 980 4213 in
1006 4163 1181 4229 cuprionem,
1209 4167 1264 4211 tam

89 4256 232 4322 rnagnifice
253 4255 284 4305 de
311 4255 359 4305 illo
379 4258 507 4316 sentiens,
534 4263 563 4303 ut
588 4270 628 4303 me
651 4270 704 4321 prae
728 4253 776 4304 illo
795 4255 894 4320 putarit
913 4251 981 4303 nihil
1001 4252 1084 4311 seire,
1100 4249 1263 4316 captaritqne

88 4345 258 4395 occasionem
284 4343 462 4409 relinquenda
481 4343 636 4403 Britanniae,
660 4350 689 4392 nt
711 4359 770 4392 cum
790 4341 925 4410 capcione
950 4340 1024 4391 velut
1051 4338 1158 4389 oraculo
1177 4353 1263 4389 rerum

90 4434 208 4490 omnium
227 4432 421 4490 reconditarum
439 4432 524 4506 possit
543 4430 668 4505 colloqui.
704 4431 808 4489 erasmi
828 4431 946 4506 Spongia
963 4427 1089 4484 adversus
1107 4427 1262 4502 aspergines
