<?xml version="1.0" encoding="UTF-8"?>
<!DOCTYPE html PUBLIC "-//W3C//DTD XHTML 1.0 Transitional//EN"
    "http://www.w3.org/TR/xhtml1/DTD/xhtml1-transitional.dtd">
<html xmlns="http://www.w3.org/1999/xhtml" xml:lang="en" lang="en">
 <head>
  <title>
</title>
<meta http-equiv="Content-Type" content="text/html;charset=utf-8" />
  <meta name='ocr-system' content='tesseract 3.04.00' />
  <meta name='ocr-capabilities' content='ocr_page ocr_carea ocr_par ocr_line ocrx_word'/>
</head>
<body>
  <div class='ocr_page' id='page_1' title='image "./johannreuchlins00reucgoog/johannreuchlins00reucgoog_0140.png"; bbox 0 0 2716 4898; ppageno 0'>
   <div class='ocr_carea' id='block_1_1' title="bbox 643 314 705 383">
    <p class='ocr_par' dir='ltr' id='par_1_1' title="bbox 643 314 705 383">
     <span class='ocr_line' id='line_1_1' title="bbox 643 314 705 383; baseline -0.016 0"><span class='ocrx_word' id='word_1_1' title='bbox 643 314 705 383; x_wconf 83' lang='lat'>128</span> 
     </span>
    </p>
   </div>
   <div class='ocr_carea' id='block_1_2' title="bbox 93 508 1246 693">
    <p class='ocr_par' dir='ltr' id='par_1_2' title="bbox 93 508 1246 693">
     <span class='ocr_line' id='line_1_2' title="bbox 183 508 1246 587; baseline -0.001 -18"><span class='ocrx_word' id='word_1_2' title='bbox 183 508 346 571; x_wconf 86' lang='lat' dir='ltr'>Gedrnclrt:</span> <span class='ocrx_word' id='word_1_3' title='bbox 375 514 389 568; x_wconf 91' lang='lat' dir='ltr'>l</span> <span class='ocrx_word' id='word_1_4' title='bbox 416 531 458 565; x_wconf 92' lang='lat'>=</span> <span class='ocrx_word' id='word_1_5' title='bbox 475 508 630 569; x_wconf 86' lang='lat' dir='ltr'>Reuchlins</span> <span class='ocrx_word' id='word_1_6' title='bbox 646 511 866 587; x_wconf 79' lang='lat' dir='ltr'>angeuspiege13</span> <span class='ocrx_word' id='word_1_7' title='bbox 888 510 970 569; x_wconf 93' lang='lat' dir='ltr'><strong>B...</strong></span> <span class='ocrx_word' id='word_1_8' title='bbox 995 510 1037 582; x_wconf 79' lang='lat' dir='ltr'>E3</span> <span class='ocrx_word' id='word_1_9' title='bbox 1061 513 1082 569; x_wconf 80' lang='lat'><strong>2</strong></span> <span class='ocrx_word' id='word_1_10' title='bbox 1108 531 1151 563; x_wconf 94' lang='lat'>=</span> <span class='ocrx_word' id='word_1_11' title='bbox 1175 526 1199 568; x_wconf 84' lang='lat' dir='ltr'>v.</span> <span class='ocrx_word' id='word_1_12' title='bbox 1222 509 1246 569; x_wconf 89' lang='lat' dir='ltr'>d.</span> 
     </span>
     <span class='ocr_line' id='line_1_3' title="bbox 93 613 973 693; baseline 0 -17"><span class='ocrx_word' id='word_1_13' title='bbox 93 613 200 693; x_wconf 83' lang='lat' dir='ltr'>Hardt,</span> <span class='ocrx_word' id='word_1_14' title='bbox 223 615 273 676; x_wconf 86' lang='lat' dir='ltr'>iol.</span> <span class='ocrx_word' id='word_1_15' title='bbox 292 620 333 676; x_wconf 87' lang='grc'>20</span> <span class='ocrx_word' id='word_1_16' title='bbox 349 617 393 676; x_wconf 87' lang='lat' dir='ltr'>bie</span> <span class='ocrx_word' id='word_1_17' title='bbox 410 618 468 688; x_wconf 78' lang='lat'>343</span> <span class='ocrx_word' id='word_1_18' title='bbox 492 618 510 676; x_wconf 83' lang='lat'>3</span> <span class='ocrx_word' id='word_1_19' title='bbox 528 636 571 669; x_wconf 92' lang='lat'><strong><em>=</em></strong></span> <span class='ocrx_word' id='word_1_20' title='bbox 586 616 751 691; x_wconf 82' lang='lat' dir='ltr'>Meyerhotl</span> <span class='ocrx_word' id='word_1_21' title='bbox 762 635 785 677; x_wconf 88' lang='lat' dir='ltr'>s.</span> <span class='ocrx_word' id='word_1_22' title='bbox 804 620 845 676; x_wconf 86' lang='lat'>18</span> <span class='ocrx_word' id='word_1_23' title='bbox 862 618 904 679; x_wconf 88' lang='lat' dir='ltr'>bis</span> <span class='ocrx_word' id='word_1_24' title='bbox 921 620 973 677; x_wconf 83' lang='lat'>74.</span> 
     </span>
    </p>
   </div>
   <div class='ocr_carea' id='block_1_3' title="bbox 166 815 1217 973">
    <p class='ocr_par' dir='ltr' id='par_1_3' title="bbox 166 815 1217 973">
     <span class='ocr_line' id='line_1_4' title="bbox 602 815 745 886; baseline -0.014 -3"><span class='ocrx_word' id='word_1_25' title='bbox 602 815 745 886; x_wconf 83' lang='lat' dir='ltr'><strong>CXXIII.</strong></span> 
     </span>
     <span class='ocr_line' id='line_1_5' title="bbox 166 905 1217 973; baseline -0.001 -16"><span class='ocrx_word' id='word_1_26' title='bbox 166 905 305 973; x_wconf 69' lang='lat' dir='ltr'>stuttgart.</span> <span class='ocrx_word' id='word_1_27' title='bbox 1004 909 1038 957; x_wconf 81' lang='lat'>20</span> <span class='ocrx_word' id='word_1_28' title='bbox 1058 906 1125 957; x_wconf 80' lang='lat' dir='ltr'>Nor.</span> <span class='ocrx_word' id='word_1_29' title='bbox 1149 906 1217 956; x_wconf 87' lang='lat'>1510.</span> 
     </span>
    </p>
   </div>
   <div class='ocr_carea' id='block_1_4' title="bbox 93 1008 1244 1360">
    <p class='ocr_par' dir='ltr' id='par_1_4' title="bbox 93 1008 1244 1360">
     <span class='ocr_line' id='line_1_6' title="bbox 93 1008 1244 1110; baseline -0.003 -23"><span class='ocrx_word' id='word_1_30' title='bbox 93 1012 244 1088; x_wconf 84' lang='lat' dir='ltr'>Meister</span> <span class='ocrx_word' id='word_1_31' title='bbox 276 1010 456 1085; x_wconf 90' lang='lat' dir='ltr'>Hannscn</span> <span class='ocrx_word' id='word_1_32' title='bbox 491 1008 741 1086; x_wconf 82' lang='lat' dir='ltr'>Ammerbach</span> <span class='ocrx_word' id='word_1_33' title='bbox 773 1009 908 1110; x_wconf 72' lang='lat' dir='ltr'>burget</span> <span class='ocrx_word' id='word_1_34' title='bbox 937 1038 984 1086; x_wconf 87' lang='lat' dir='ltr'>zu</span> <span class='ocrx_word' id='word_1_35' title='bbox 1011 1010 1123 1086; x_wconf 88' lang='lat' dir='ltr'>Basel</span> <span class='ocrx_word' id='word_1_36' title='bbox 1154 1010 1244 1085; x_wconf 92' lang='lat' dir='ltr'>unnd</span> 
     </span>
     <span class='ocr_line' id='line_1_7' title="bbox 93 1132 1241 1236; baseline -0.004 -25"><span class='ocrx_word' id='word_1_37' title='bbox 93 1134 341 1211; x_wconf 82' lang='lat' dir='ltr'>buchuuclrer</span> <span class='ocrx_word' id='word_1_38' title='bbox 375 1134 512 1208; x_wconf 91' lang='lat' dir='ltr'>minem</span> <span class='ocrx_word' id='word_1_39' title='bbox 546 1132 668 1208; x_wconf 89' lang='lat' dir='ltr'>lieben</span> <span class='ocrx_word' id='word_1_40' title='bbox 703 1133 807 1209; x_wconf 90' lang='lat' dir='ltr'>uuud</span> <span class='ocrx_word' id='word_1_41' title='bbox 842 1147 970 1234; x_wconf 82' lang='lat' dir='ltr'>gutteu</span> <span class='ocrx_word' id='word_1_42' title='bbox 1006 1133 1148 1209; x_wconf 71' lang='lat' dir='ltr'>fitinnd</span> <span class='ocrx_word' id='word_1_43' title='bbox 1181 1132 1241 1236; x_wconf 84' lang='lat' dir='ltr'>[do.</span> 
     </span>
     <span class='ocr_line' id='line_1_8' title="bbox 456 1255 899 1360; baseline 0.002 -29"><span class='ocrx_word' id='word_1_44' title='bbox 456 1255 654 1360; x_wconf 88' lang='lat' dir='ltr'>Reuchlin]</span> <span class='ocrx_word' id='word_1_45' title='bbox 682 1257 719 1332; x_wconf 80' lang='lat' dir='ltr'>S.</span> <span class='ocrx_word' id='word_1_46' title='bbox 749 1257 793 1331; x_wconf 88' lang='lat' dir='ltr'>D.</span> <span class='ocrx_word' id='word_1_47' title='bbox 822 1257 864 1332; x_wconf 91' lang='lat' dir='ltr'>P.</span> <span class='ocrx_word' id='word_1_48' title='bbox 887 1258 899 1297; x_wconf 89' lang='lat'><strong>¹</strong></span> 
     </span>
    </p>
   </div>
   <div class='ocr_carea' id='block_1_5' title="bbox 94 1417 1262 3829">
    <p class='ocr_par' dir='ltr' id='par_1_5' title="bbox 94 1417 1262 3829">
     <span class='ocr_line' id='line_1_9' title="bbox 183 1417 1262 1505; baseline -0.002 -19"><span class='ocrx_word' id='word_1_49' title='bbox 183 1420 271 1487; x_wconf 84' lang='lat' dir='ltr'>Data</span> <span class='ocrx_word' id='word_1_50' title='bbox 288 1441 389 1505; x_wconf 84' lang='lat' dir='ltr'>opere.</span> <span class='ocrx_word' id='word_1_51' title='bbox 404 1420 449 1485; x_wconf 91' lang='lat' dir='ltr'>mi</span> <span class='ocrx_word' id='word_1_52' title='bbox 464 1419 688 1502; x_wconf 85' lang='lat' dir='ltr'>Amerbecchi,</span> <span class='ocrx_word' id='word_1_53' title='bbox 711 1420 843 1487; x_wconf 85' lang='lat' dir='ltr'>tandem</span> <span class='ocrx_word' id='word_1_54' title='bbox 860 1442 934 1488; x_wconf 90' lang='lat' dir='ltr'>ecee</span> <span class='ocrx_word' id='word_1_55' title='bbox 949 1420 1013 1487; x_wconf 93' lang='lat' dir='ltr'>tibi</span> <span class='ocrx_word' id='word_1_56' title='bbox 1027 1417 1242 1487; x_wconf 69' lang='lat' dir='ltr'>Ezechielem²</span> <span class='ocrx_word' id='word_1_57' title='bbox 1260 1420 1262 1427; x_wconf 84' lang='lat'>&#39;</span> 
     </span>
     <span class='ocr_line' id='line_1_10' title="bbox 95 1525 1243 1612; baseline -0.004 -19"><span class='ocrx_word' id='word_1_58' title='bbox 95 1532 130 1593; x_wconf 88' lang='lat' dir='ltr'>et</span> <span class='ocrx_word' id='word_1_59' title='bbox 158 1525 283 1593; x_wconf 88' lang='lat' dir='ltr'>Graece</span> <span class='ocrx_word' id='word_1_60' title='bbox 313 1534 347 1592; x_wconf 89' lang='lat' dir='ltr'>ct</span> <span class='ocrx_word' id='word_1_61' title='bbox 381 1526 543 1594; x_wconf 89' lang='lat' dir='ltr'>Hebraiee</span> <span class='ocrx_word' id='word_1_62' title='bbox 576 1528 770 1612; x_wconf 87' lang='lat' dir='ltr'>castigatum</span> <span class='ocrx_word' id='word_1_63' title='bbox 803 1527 888 1593; x_wconf 90' lang='lat' dir='ltr'>inter</span> <span class='ocrx_word' id='word_1_64' title='bbox 918 1532 968 1593; x_wconf 86' lang='lat' dir='ltr'>tot</span> <span class='ocrx_word' id='word_1_65' title='bbox 1002 1526 1129 1612; x_wconf 86' lang='lat' dir='ltr'>Scyllas</span> <span class='ocrx_word' id='word_1_66' title='bbox 1161 1531 1243 1610; x_wconf 84' lang='lat' dir='ltr'>atque</span> 
     </span>
     <span class='ocr_line' id='line_1_11' title="bbox 95 1632 1243 1718; baseline -0.002 -20"><span class='ocrx_word' id='word_1_67' title='bbox 95 1632 294 1718; x_wconf 86' lang='lat' dir='ltr'>Charybdeis</span> <span class='ocrx_word' id='word_1_68' title='bbox 305 1656 322 1700; x_wconf 90' lang='lat' dir='ltr'>e</span> <span class='ocrx_word' id='word_1_69' title='bbox 335 1633 505 1718; x_wconf 83' lang='lat' dir='ltr'>naufragio</span> <span class='ocrx_word' id='word_1_70' title='bbox 517 1634 587 1718; x_wconf 83' lang='lat' dir='ltr'>lege</span> <span class='ocrx_word' id='word_1_71' title='bbox 595 1634 721 1699; x_wconf 87' lang='lat' dir='ltr'>Rhodie</span> <span class='ocrx_word' id='word_1_72' title='bbox 736 1633 861 1700; x_wconf 86' lang='lat' dir='ltr'>salvum</span> <span class='ocrx_word' id='word_1_73' title='bbox 871 1632 973 1712; x_wconf 89' lang='lat' dir='ltr'>mitto,</span> <span class='ocrx_word' id='word_1_74' title='bbox 983 1632 1124 1697; x_wconf 86' lang='lat' dir='ltr'>daturus</span> <span class='ocrx_word' id='word_1_75' title='bbox 1136 1636 1243 1708; x_wconf 75' lang='lat' dir='ltr'>estem,</span> 
     </span>
     <span class='ocr_line' id='line_1_12' title="bbox 95 1738 1243 1825; baseline -0.003 -22"><span class='ocrx_word' id='word_1_76' title='bbox 95 1738 172 1803; x_wconf 93' lang='lat' dir='ltr'>dum</span> <span class='ocrx_word' id='word_1_77' title='bbox 205 1762 264 1823; x_wconf 92' lang='lat' dir='ltr'>per</span> <span class='ocrx_word' id='word_1_78' title='bbox 293 1740 474 1806; x_wconf 84' lang='lat' dir='ltr'>saecularia</span> <span class='ocrx_word' id='word_1_79' title='bbox 503 1740 638 1825; x_wconf 79' lang='lat' dir='ltr'>negocia</span> <span class='ocrx_word' id='word_1_80' title='bbox 665 1746 733 1804; x_wconf 86' lang='lat' dir='ltr'>tam</span> <span class='ocrx_word' id='word_1_81' title='bbox 767 1739 993 1804; x_wconf 79' lang='lat' dir='ltr'>triumviratus</span> <span class='ocrx_word' id='word_1_82' title='bbox 1028 1738 1134 1804; x_wconf 79' lang='lat' dir='ltr'>nostri</span> <span class='ocrx_word' id='word_1_83' title='bbox 1165 1748 1243 1822; x_wconf 87' lang='lat' dir='ltr'>quen</span> 
     </span>
     <span class='ocr_line' id='line_1_13' title="bbox 97 1839 1243 1930; baseline -0.004 -22"><span class='ocrx_word' id='word_1_84' title='bbox 97 1844 221 1910; x_wconf 89' lang='lat' dir='ltr'>ducalis</span> <span class='ocrx_word' id='word_1_85' title='bbox 245 1847 372 1930; x_wconf 90' lang='lat' dir='ltr'>imperii</span> <span class='ocrx_word' id='word_1_86' title='bbox 395 1846 515 1912; x_wconf 83' lang='lat' dir='ltr'>licebit.</span> <span class='ocrx_word' id='word_1_87' title='bbox 561 1847 685 1910; x_wconf 86' lang='lat' dir='ltr'>Tantus</span> <span class='ocrx_word' id='word_1_88' title='bbox 713 1851 822 1911; x_wconf 87' lang='lat' dir='ltr'>autern</span> <span class='ocrx_word' id='word_1_89' title='bbox 851 1866 927 1928; x_wconf 83' lang='lat' dir='ltr'>erga</span> <span class='ocrx_word' id='word_1_90' title='bbox 954 1849 987 1910; x_wconf 90' lang='lat' dir='ltr'>te</span> <span class='ocrx_word' id='word_1_91' title='bbox 1016 1843 1098 1908; x_wconf 90' lang='lat' dir='ltr'>mihi</span> <span class='ocrx_word' id='word_1_92' title='bbox 1122 1848 1171 1909; x_wconf 91' lang='lat' dir='ltr'>est</span> <span class='ocrx_word' id='word_1_93' title='bbox 1191 1839 1243 1906; x_wconf 87' lang='lat' dir='ltr'>ani-</span> 
     </span>
     <span class='ocr_line' id='line_1_14' title="bbox 95 1948 1244 2037; baseline -0.002 -24"><span class='ocrx_word' id='word_1_94' title='bbox 95 1970 177 2030; x_wconf 88' lang='lat' dir='ltr'>mus,</span> <span class='ocrx_word' id='word_1_95' title='bbox 208 1957 246 2015; x_wconf 90' lang='lat' dir='ltr'>ut</span> <span class='ocrx_word' id='word_1_96' title='bbox 269 1951 364 2017; x_wconf 83' lang='lat' dir='ltr'>facile</span> <span class='ocrx_word' id='word_1_97' title='bbox 388 1952 511 2018; x_wconf 83' lang='lat' dir='ltr'>omneis</span> <span class='ocrx_word' id='word_1_98' title='bbox 535 1952 706 2037; x_wconf 88' lang='lat' dir='ltr'>omniaque</span> <span class='ocrx_word' id='word_1_99' title='bbox 735 1957 811 2017; x_wconf 87' lang='lat' dir='ltr'>ante</span> <span class='ocrx_word' id='word_1_100' title='bbox 842 1963 940 2034; x_wconf 86' lang='lat' dir='ltr'>quam</span> <span class='ocrx_word' id='word_1_101' title='bbox 968 1954 1002 2014; x_wconf 89' lang='lat' dir='ltr'>te</span> <span class='ocrx_word' id='word_1_102' title='bbox 1036 1948 1244 2033; x_wconf 81' lang='lat' dir='ltr'>relinquerem</span> 
     </span>
     <span class='ocr_line' id='line_1_15' title="bbox 94 2053 1244 2141; baseline -0.004 -22"><span class='ocrx_word' id='word_1_103' title='bbox 94 2055 183 2119; x_wconf 89' lang='lat' dir='ltr'>Nihil</span> <span class='ocrx_word' id='word_1_104' title='bbox 214 2055 291 2121; x_wconf 89' lang='lat' dir='ltr'>addi</span> <span class='ocrx_word' id='word_1_105' title='bbox 321 2057 364 2121; x_wconf 90' lang='lat' dir='ltr'>ad</span> <span class='ocrx_word' id='word_1_106' title='bbox 391 2064 538 2124; x_wconf 86' lang='lat' dir='ltr'>nostram</span> <span class='ocrx_word' id='word_1_107' title='bbox 566 2058 747 2124; x_wconf 79' lang='lat' dir='ltr'>amiciciam</span> <span class='ocrx_word' id='word_1_108' title='bbox 774 2060 898 2141; x_wconf 89' lang='lat' dir='ltr'>potest,</span> <span class='ocrx_word' id='word_1_109' title='bbox 929 2056 977 2121; x_wconf 84' lang='lat' dir='ltr'>ie</span> <span class='ocrx_word' id='word_1_110' title='bbox 1006 2061 1155 2120; x_wconf 81' lang='lat' dir='ltr'>amamus</span> <span class='ocrx_word' id='word_1_111' title='bbox 1176 2053 1244 2117; x_wconf 86' lang='lat' dir='ltr'>inter</span> 
     </span>
     <span class='ocr_line' id='line_1_16' title="bbox 95 2157 1246 2247; baseline -0.003 -23"><span class='ocrx_word' id='word_1_112' title='bbox 95 2181 163 2239; x_wconf 81' lang='lat' dir='ltr'>nos,</span> <span class='ocrx_word' id='word_1_113' title='bbox 188 2161 235 2226; x_wconf 89' lang='lat' dir='ltr'>sic</span> <span class='ocrx_word' id='word_1_114' title='bbox 250 2182 342 2246; x_wconf 91' lang='lat' dir='ltr'>pure,</span> <span class='ocrx_word' id='word_1_115' title='bbox 365 2169 403 2227; x_wconf 89' lang='lat' dir='ltr'>ut</span> <span class='ocrx_word' id='word_1_116' title='bbox 426 2164 453 2228; x_wconf 89' lang='lat' dir='ltr'>si</span> <span class='ocrx_word' id='word_1_117' title='bbox 476 2164 569 2247; x_wconf 88' lang='lat' dir='ltr'>pueri</span> <span class='ocrx_word' id='word_1_118' title='bbox 592 2165 702 2228; x_wconf 90' lang='lat' dir='ltr'>simus.</span> <span class='ocrx_word' id='word_1_119' title='bbox 751 2163 955 2246; x_wconf 82' lang='lat' dir='ltr'>Quamquam</span> <span class='ocrx_word' id='word_1_120' title='bbox 978 2166 1012 2226; x_wconf 89' lang='lat' dir='ltr'>et</span> <span class='ocrx_word' id='word_1_121' title='bbox 1033 2159 1116 2225; x_wconf 89' lang='lat' dir='ltr'>illud</span> <span class='ocrx_word' id='word_1_122' title='bbox 1140 2157 1246 2224; x_wconf 84' lang='lat' dir='ltr'>Aristo·</span> 
     </span>
     <span class='ocr_line' id='line_1_17' title="bbox 95 2253 1245 2352; baseline -0.003 -23"><span class='ocrx_word' id='word_1_123' title='bbox 95 2265 212 2350; x_wconf 87' lang='lat' dir='ltr'>phanis</span> <span class='ocrx_word' id='word_1_124' title='bbox 234 2268 267 2332; x_wconf 90' lang='lat' dir='ltr'>in</span> <span class='ocrx_word' id='word_1_125' title='bbox 290 2268 438 2352; x_wconf 86' lang='lat' dir='ltr'>nephelis</span> <span class='ocrx_word' id='word_1_126' title='bbox 461 2290 537 2334; x_wconf 80' lang='lat' dir='ltr'>vere</span> <span class='ocrx_word' id='word_1_127' title='bbox 561 2269 602 2335; x_wconf 89' lang='lat' dir='ltr'>de</span> <span class='ocrx_word' id='word_1_128' title='bbox 631 2269 725 2334; x_wconf 90' lang='lat' dir='ltr'>uobis</span> <span class='ocrx_word' id='word_1_129' title='bbox 754 2268 819 2333; x_wconf 91' lang='lat' dir='ltr'>dici</span> <span class='ocrx_word' id='word_1_130' title='bbox 848 2271 949 2352; x_wconf 89' lang='lat' dir='ltr'>queat</span> <span class='ocrx_word' id='word_1_131' title='bbox 980 2272 1021 2341; x_wconf 83' lang='grc' dir='ltr'>ὡς</span> <span class='ocrx_word' id='word_1_132' title='bbox 1044 2256 1089 2341; x_wconf 69' lang='lat' dir='ltr'>bt&lt;</span> <span class='ocrx_word' id='word_1_133' title='bbox 1110 2253 1209 2336; x_wconf 71' lang='grc' dir='ltr'>παῖδες</span> <span class='ocrx_word' id='word_1_134' title='bbox 1225 2264 1245 2323; x_wconf 84' lang='lat' dir='ltr'>el</span> 
     </span>
     <span class='ocr_line' id='line_1_18' title="bbox 94 2368 1246 2463; baseline -0.007 -27"><span class='ocrx_word' id='word_1_135' title='bbox 94 2372 239 2463; x_wconf 79' lang='grc' dir='ltr'>γέροντες.</span> <span class='ocrx_word' id='word_1_136' title='bbox 286 2373 434 2439; x_wconf 85' lang='lat' dir='ltr'>Vidimus</span> <span class='ocrx_word' id='word_1_137' title='bbox 462 2375 562 2459; x_wconf 82' lang='lat' dir='ltr'>igitur</span> <span class='ocrx_word' id='word_1_138' title='bbox 590 2396 614 2440; x_wconf 89' lang='lat' dir='ltr'>s.</span> <span class='ocrx_word' id='word_1_139' title='bbox 640 2375 870 2459; x_wconf 86' lang='lat' dir='ltr'>Hieronymum</span> <span class='ocrx_word' id='word_1_140' title='bbox 891 2372 925 2437; x_wconf 92' lang='lat' dir='ltr'>in</span> <span class='ocrx_word' id='word_1_141' title='bbox 948 2369 1058 2456; x_wconf 83' lang='lat' dir='ltr'>genesi</span> <span class='ocrx_word' id='word_1_142' title='bbox 1082 2368 1203 2435; x_wconf 85' lang='lat' dir='ltr'>Graece</span> <span class='ocrx_word' id='word_1_143' title='bbox 1221 2369 1246 2429; x_wconf 91' lang='lat' dir='ltr'>et</span> 
     </span>
     <span class='ocr_line' id='line_1_19' title="bbox 95 2474 1246 2564; baseline -0.007 -21"><span class='ocrx_word' id='word_1_144' title='bbox 95 2477 267 2559; x_wconf 85' lang='lat' dir='ltr'>Hebraice,</span> <span class='ocrx_word' id='word_1_145' title='bbox 290 2480 322 2544; x_wconf 91' lang='lat' dir='ltr'>in</span> <span class='ocrx_word' id='word_1_146' title='bbox 346 2480 516 2564; x_wconf 89' lang='lat' dir='ltr'>prophetis</span> <span class='ocrx_word' id='word_1_147' title='bbox 541 2485 581 2545; x_wconf 80' lang='lat'>12</span> <span class='ocrx_word' id='word_1_148' title='bbox 605 2480 783 2546; x_wconf 88' lang='lat' dir='ltr'>minoribus</span> <span class='ocrx_word' id='word_1_149' title='bbox 807 2478 939 2557; x_wconf 86' lang='lat' dir='ltr'>Graece,</span> <span class='ocrx_word' id='word_1_150' title='bbox 962 2476 997 2541; x_wconf 90' lang='lat' dir='ltr'>in</span> <span class='ocrx_word' id='word_1_151' title='bbox 1012 2474 1191 2543; x_wconf 87' lang='lat' dir='ltr'>Salomonis</span> <span class='ocrx_word' id='word_1_152' title='bbox 1207 2490 1246 2536; x_wconf 80' lang='lat' dir='ltr'>vo</span> 
     </span>
     <span class='ocr_line' id='line_1_20' title="bbox 95 2576 1246 2666; baseline -0.007 -18"><span class='ocrx_word' id='word_1_153' title='bbox 95 2582 278 2666; x_wconf 82' lang='lat' dir='ltr'>luminibus,</span> <span class='ocrx_word' id='word_1_154' title='bbox 301 2586 335 2651; x_wconf 91' lang='lat' dir='ltr'>in</span> <span class='ocrx_word' id='word_1_155' title='bbox 359 2586 502 2651; x_wconf 91' lang='lat' dir='ltr'>Danielis</span> <span class='ocrx_word' id='word_1_156' title='bbox 526 2585 668 2666; x_wconf 85' lang='lat' dir='ltr'>dimidio,</span> <span class='ocrx_word' id='word_1_157' title='bbox 691 2586 725 2651; x_wconf 92' lang='lat' dir='ltr'>in</span> <span class='ocrx_word' id='word_1_158' title='bbox 748 2591 817 2651; x_wconf 90' lang='lat' dir='ltr'>toto</span> <span class='ocrx_word' id='word_1_159' title='bbox 840 2583 942 2664; x_wconf 84' lang='lat' dir='ltr'>Isaia,</span> <span class='ocrx_word' id='word_1_160' title='bbox 965 2582 999 2647; x_wconf 92' lang='lat' dir='ltr'>in</span> <span class='ocrx_word' id='word_1_161' title='bbox 1022 2579 1189 2647; x_wconf 81' lang='lat' dir='ltr'>Ezechiele</span> <span class='ocrx_word' id='word_1_162' title='bbox 1212 2576 1246 2640; x_wconf 91' lang='lat' dir='ltr'>in·</span> 
     </span>
     <span class='ocr_line' id='line_1_21' title="bbox 96 2684 1247 2775; baseline -0.005 -20"><span class='ocrx_word' id='word_1_163' title='bbox 96 2697 187 2774; x_wconf 86' lang='lat' dir='ltr'>tegre</span> <span class='ocrx_word' id='word_1_164' title='bbox 216 2691 341 2758; x_wconf 88' lang='lat' dir='ltr'>Graece</span> <span class='ocrx_word' id='word_1_165' title='bbox 372 2697 406 2757; x_wconf 91' lang='lat' dir='ltr'>et</span> <span class='ocrx_word' id='word_1_166' title='bbox 433 2691 608 2771; x_wconf 81' lang='lat' dir='ltr'>Hebraice3</span> <span class='ocrx_word' id='word_1_167' title='bbox 643 2698 793 2775; x_wconf 87' lang='lat' dir='ltr'>superest</span> <span class='ocrx_word' id='word_1_168' title='bbox 820 2712 860 2757; x_wconf 85' lang='lat' dir='ltr'>ex</span> <span class='ocrx_word' id='word_1_169' title='bbox 888 2686 1129 2756; x_wconf 88' lang='lat' dir='ltr'>commentariis</span> <span class='ocrx_word' id='word_1_170' title='bbox 1152 2684 1247 2751; x_wconf 84' lang='lat' dir='ltr'>Hiere</span> 
     </span>
     <span class='ocr_line' id='line_1_22' title="bbox 96 2791 1246 2862; baseline -0.004 -5"><span class='ocrx_word' id='word_1_171' title='bbox 96 2796 177 2862; x_wconf 90' lang='lat' dir='ltr'>mias</span> <span class='ocrx_word' id='word_1_172' title='bbox 208 2796 295 2862; x_wconf 88' lang='lat' dir='ltr'>solus</span> <span class='ocrx_word' id='word_1_173' title='bbox 328 2801 362 2861; x_wconf 91' lang='lat' dir='ltr'>et</span> <span class='ocrx_word' id='word_1_174' title='bbox 391 2796 579 2862; x_wconf 89' lang='lat' dir='ltr'>dimidiatus</span> <span class='ocrx_word' id='word_1_175' title='bbox 609 2794 724 2862; x_wconf 88' lang='lat' dir='ltr'>Daniel</span> <span class='ocrx_word' id='word_1_176' title='bbox 756 2818 829 2862; x_wconf 92' lang='lat' dir='ltr'>cum</span> <span class='ocrx_word' id='word_1_177' title='bbox 859 2800 1063 2861; x_wconf 90' lang='lat' dir='ltr'>caeterorum</span> <span class='ocrx_word' id='word_1_178' title='bbox 1094 2791 1246 2859; x_wconf 84' lang='lat' dir='ltr'>Hebraico.</span> 
     </span>
     <span class='ocr_line' id='line_1_23' title="bbox 95 2898 1248 2987; baseline -0.004 -23"><span class='ocrx_word' id='word_1_179' title='bbox 95 2900 179 2965; x_wconf 90' lang='lat' dir='ltr'>Nam</span> <span class='ocrx_word' id='word_1_180' title='bbox 202 2902 295 2986; x_wconf 84' lang='lat' dir='ltr'>parvi</span> <span class='ocrx_word' id='word_1_181' title='bbox 313 2902 442 2982; x_wconf 86' lang='lat' dir='ltr'>laboris,</span> <span class='ocrx_word' id='word_1_182' title='bbox 466 2907 503 2967; x_wconf 89' lang='lat' dir='ltr'>ut</span> <span class='ocrx_word' id='word_1_183' title='bbox 527 2902 678 2982; x_wconf 84' lang='lat' dir='ltr'>arbitror,</span> <span class='ocrx_word' id='word_1_184' title='bbox 702 2902 894 2987; x_wconf 88' lang='lat' dir='ltr'>psalterium</span> <span class='ocrx_word' id='word_1_185' title='bbox 918 2899 990 2965; x_wconf 89' lang='lat' dir='ltr'>erit.</span> <span class='ocrx_word' id='word_1_186' title='bbox 1037 2898 1248 2983; x_wconf 82' lang='lat' dir='ltr'>Quapropter</span> 
     </span>
     <span class='ocr_line' id='line_1_24' title="bbox 97 3001 1249 3093; baseline -0.007 -23"><span class='ocrx_word' id='word_1_187' title='bbox 97 3027 164 3085; x_wconf 84' lang='lat' dir='ltr'>oro,</span> <span class='ocrx_word' id='word_1_188' title='bbox 186 3011 224 3071; x_wconf 89' lang='lat' dir='ltr'>ut</span> <span class='ocrx_word' id='word_1_189' title='bbox 246 3006 289 3071; x_wconf 89' lang='lat' dir='ltr'>ad</span> <span class='ocrx_word' id='word_1_190' title='bbox 312 3028 364 3072; x_wconf 92' lang='lat' dir='ltr'>me</span> <span class='ocrx_word' id='word_1_191' title='bbox 389 3007 523 3088; x_wconf 83' lang='lat' dir='ltr'>scribas,</span> <span class='ocrx_word' id='word_1_192' title='bbox 547 3030 631 3093; x_wconf 91' lang='lat' dir='ltr'>quae</span> <span class='ocrx_word' id='word_1_193' title='bbox 655 3007 697 3073; x_wconf 86' lang='lat' dir='ltr'>sit</span> <span class='ocrx_word' id='word_1_194' title='bbox 720 3006 924 3090; x_wconf 83' lang='lat' dir='ltr'>cogitationis</span> <span class='ocrx_word' id='word_1_195' title='bbox 944 3011 1022 3070; x_wconf 86' lang='lat' dir='ltr'>tuae</span> <span class='ocrx_word' id='word_1_196' title='bbox 1045 3003 1205 3071; x_wconf 87' lang='lat' dir='ltr'>institutio</span> <span class='ocrx_word' id='word_1_197' title='bbox 1224 3001 1249 3065; x_wconf 86' lang='lat' dir='ltr'>et</span> 
     </span>
     <span class='ocr_line' id='line_1_25' title="bbox 99 3105 1249 3197; baseline -0.005 -23"><span class='ocrx_word' id='word_1_198' title='bbox 99 3131 238 3194; x_wconf 92' lang='lat' dir='ltr'>quonam</span> <span class='ocrx_word' id='word_1_199' title='bbox 270 3111 383 3177; x_wconf 89' lang='lat' dir='ltr'>ordine</span> <span class='ocrx_word' id='word_1_200' title='bbox 415 3119 532 3178; x_wconf 87' lang='lat' dir='ltr'>cuncta</span> <span class='ocrx_word' id='word_1_201' title='bbox 561 3114 640 3179; x_wconf 80' lang='lat' dir='ltr'>velis</span> <span class='ocrx_word' id='word_1_202' title='bbox 670 3113 865 3197; x_wconf 87' lang='lat' dir='ltr'>imprimere.</span> <span class='ocrx_word' id='word_1_203' title='bbox 912 3110 964 3176; x_wconf 89' lang='lat' dir='ltr'>Sic</span> <span class='ocrx_word' id='word_1_204' title='bbox 993 3109 1097 3176; x_wconf 88' lang='lat' dir='ltr'>libros</span> <span class='ocrx_word' id='word_1_205' title='bbox 1121 3107 1182 3175; x_wconf 92' lang='lat' dir='ltr'>tibi</span> <span class='ocrx_word' id='word_1_206' title='bbox 1201 3105 1249 3171; x_wconf 91' lang='lat' dir='ltr'>sin·</span> 
     </span>
     <span class='ocr_line' id='line_1_26' title="bbox 97 3209 1250 3302; baseline -0.005 -22"><span class='ocrx_word' id='word_1_207' title='bbox 97 3215 188 3299; x_wconf 83' lang='lat' dir='ltr'>gulos</span> <span class='ocrx_word' id='word_1_208' title='bbox 219 3216 418 3283; x_wconf 84' lang='lat' dir='ltr'>commodius</span> <span class='ocrx_word' id='word_1_209' title='bbox 452 3218 678 3302; x_wconf 89' lang='lat' dir='ltr'>suppeditabo.</span> <span class='ocrx_word' id='word_1_210' title='bbox 723 3218 932 3302; x_wconf 88' lang='lat' dir='ltr'>Hirsaugiam</span> <span class='ocrx_word' id='word_1_211' title='bbox 960 3215 1086 3282; x_wconf 87' lang='lat' dir='ltr'>accessi</span> <span class='ocrx_word' id='word_1_212' title='bbox 1113 3236 1173 3280; x_wconf 88' lang='lat' dir='ltr'>nee</span> <span class='ocrx_word' id='word_1_213' title='bbox 1199 3209 1250 3276; x_wconf 89' lang='lat' dir='ltr'>illic</span> 
     </span>
     <span class='ocr_line' id='line_1_27' title="bbox 97 3317 1251 3409; baseline -0.003 -24"><span class='ocrx_word' id='word_1_214' title='bbox 97 3320 246 3388; x_wconf 87' lang='lat' dir='ltr'>inventus</span> <span class='ocrx_word' id='word_1_215' title='bbox 270 3330 321 3388; x_wconf 89' lang='lat' dir='ltr'>est</span> <span class='ocrx_word' id='word_1_216' title='bbox 343 3323 445 3403; x_wconf 83' lang='lat' dir='ltr'>ullus,</span> <span class='ocrx_word' id='word_1_217' title='bbox 470 3325 533 3388; x_wconf 90' lang='lat' dir='ltr'>nisi</span> <span class='ocrx_word' id='word_1_218' title='bbox 565 3323 728 3409; x_wconf 92' lang='lat' dir='ltr'>quemad</span> <span class='ocrx_word' id='word_1_219' title='bbox 757 3329 791 3389; x_wconf 88' lang='lat' dir='ltr'>te</span> <span class='ocrx_word' id='word_1_220' title='bbox 818 3343 905 3389; x_wconf 90' lang='lat' dir='ltr'>nunc</span> <span class='ocrx_word' id='word_1_221' title='bbox 936 3321 1032 3387; x_wconf 89' lang='lat' dir='ltr'>mitto</span> <span class='ocrx_word' id='word_1_222' title='bbox 1055 3317 1251 3386; x_wconf 84' lang='lat' dir='ltr'>Ezechielem</span> 
     </span>
     <span class='ocr_line' id='line_1_28' title="bbox 97 3425 1252 3512; baseline -0.003 -22"><span class='ocrx_word' id='word_1_223' title='bbox 97 3425 134 3491; x_wconf 91' lang='lat' dir='ltr'>In</span> <span class='ocrx_word' id='word_1_224' title='bbox 162 3427 350 3512; x_wconf 82' lang='lat' dir='ltr'>Esselingen</span> <span class='ocrx_word' id='word_1_225' title='bbox 384 3428 464 3493; x_wconf 90' lang='lat' dir='ltr'>nihil</span> <span class='ocrx_word' id='word_1_226' title='bbox 487 3430 613 3512; x_wconf 80' lang='lat' dir='ltr'>reperi,</span> <span class='ocrx_word' id='word_1_227' title='bbox 648 3429 682 3493; x_wconf 91' lang='lat' dir='ltr'>in</span> <span class='ocrx_word' id='word_1_228' title='bbox 706 3427 918 3494; x_wconf 90' lang='lat' dir='ltr'>Bebenhusen</span> <span class='ocrx_word' id='word_1_229' title='bbox 946 3425 1013 3506; x_wconf 86' lang='lat' dir='ltr'>fui,</span> <span class='ocrx_word' id='word_1_230' title='bbox 1045 3446 1113 3491; x_wconf 90' lang='lat' dir='ltr'>non</span> <span class='ocrx_word' id='word_1_231' title='bbox 1134 3425 1168 3490; x_wconf 92' lang='lat' dir='ltr'>in</span> <span class='ocrx_word' id='word_1_232' title='bbox 1189 3440 1252 3497; x_wconf 86' lang='lat' dir='ltr'>reu,</span> 
     </span>
     <span class='ocr_line' id='line_1_29' title="bbox 98 3530 1253 3618; baseline -0.007 -21"><span class='ocrx_word' id='word_1_233' title='bbox 98 3532 222 3599; x_wconf 89' lang='lat' dir='ltr'>scilicet</span> <span class='ocrx_word' id='word_1_234' title='bbox 253 3534 442 3600; x_wconf 88' lang='lat' dir='ltr'>absentibus</span> <span class='ocrx_word' id='word_1_235' title='bbox 466 3533 625 3599; x_wconf 89' lang='lat' dir='ltr'>librorum</span> <span class='ocrx_word' id='word_1_236' title='bbox 654 3533 848 3618; x_wconf 83' lang='lat' dir='ltr'>praefectis,</span> <span class='ocrx_word' id='word_1_237' title='bbox 881 3531 940 3597; x_wconf 89' lang='lat' dir='ltr'>sed</span> <span class='ocrx_word' id='word_1_238' title='bbox 971 3530 1088 3596; x_wconf 89' lang='lat' dir='ltr'>redibo</span> <span class='ocrx_word' id='word_1_239' title='bbox 1112 3534 1253 3595; x_wconf 87' lang='lat' dir='ltr'>actutum.</span> 
     </span>
     <span class='ocr_line' id='line_1_30' title="bbox 97 3636 1255 3718; baseline -0.004 -16"><span class='ocrx_word' id='word_1_240' title='bbox 97 3639 146 3703; x_wconf 85' lang='lat' dir='ltr'>Tu</span> <span class='ocrx_word' id='word_1_241' title='bbox 176 3661 228 3705; x_wconf 91' lang='lat' dir='ltr'>me</span> <span class='ocrx_word' id='word_1_242' title='bbox 257 3640 356 3706; x_wconf 84' lang='lat' dir='ltr'>facito</span> <span class='ocrx_word' id='word_1_243' title='bbox 388 3640 560 3705; x_wconf 89' lang='lat' dir='ltr'>certiorem</span> <span class='ocrx_word' id='word_1_244' title='bbox 590 3641 630 3706; x_wconf 89' lang='lat' dir='ltr'>de</span> <span class='ocrx_word' id='word_1_245' title='bbox 654 3639 811 3705; x_wconf 89' lang='lat' dir='ltr'>societate</span> <span class='ocrx_word' id='word_1_246' title='bbox 834 3643 944 3702; x_wconf 80' lang='lat' dir='ltr'>vestra</span> <span class='ocrx_word' id='word_1_247' title='bbox 966 3636 1175 3716; x_wconf 84' lang='lat' dir='ltr'>triumvirali,</span> <span class='ocrx_word' id='word_1_248' title='bbox 1197 3651 1255 3718; x_wconf 90' lang='lat' dir='ltr'>per·</span> 
     </span>
     <span class='ocr_line' id='line_1_31' title="bbox 97 3735 1257 3829; baseline -0.005 -21"><span class='ocrx_word' id='word_1_249' title='bbox 97 3742 224 3812; x_wconf 85' lang='lat' dir='ltr'>fectane</span> <span class='ocrx_word' id='word_1_250' title='bbox 249 3745 300 3826; x_wconf 86' lang='lat' dir='ltr'>sit,</span> <span class='ocrx_word' id='word_1_251' title='bbox 324 3765 366 3810; x_wconf 89' lang='lat' dir='ltr'>an</span> <span class='ocrx_word' id='word_1_252' title='bbox 389 3766 453 3812; x_wconf 91' lang='lat' dir='ltr'>non</span> <span class='ocrx_word' id='word_1_253' title='bbox 470 3744 490 3809; x_wconf 77' lang='lat'>⁸.</span> <span class='ocrx_word' id='word_1_254' title='bbox 537 3746 585 3810; x_wconf 90' lang='lat' dir='ltr'>De</span> <span class='ocrx_word' id='word_1_255' title='bbox 603 3744 725 3829; x_wconf 90' lang='lat' dir='ltr'>nuptiis</span> <span class='ocrx_word' id='word_1_256' title='bbox 748 3764 875 3829; x_wconf 90' lang='lat' dir='ltr'>quoque</span> <span class='ocrx_word' id='word_1_257' title='bbox 891 3741 1027 3809; x_wconf 89' lang='lat' dir='ltr'>Joannis</span> <span class='ocrx_word' id='word_1_258' title='bbox 1050 3741 1158 3808; x_wconf 84' lang='lat' dir='ltr'>nostri</span> <span class='ocrx_word' id='word_1_259' title='bbox 1181 3735 1257 3807; x_wconf 87' lang='lat' dir='ltr'>Sedi-</span> 
     </span>
    </p>
   </div>
   <div class='ocr_carea' id='block_1_6' title="bbox 679 3890 697 3929">
    <p class='ocr_par' dir='ltr' id='par_1_6' title="bbox 679 3890 697 3929">
     <span class='ocr_line' id='line_1_32' title="bbox 679 3890 697 3929; baseline 0 0"><span class='ocrx_word' id='word_1_260' title='bbox 679 3890 697 3929; x_wconf 61' lang='lat' dir='ltr'>il</span> 
     </span>
    </p>
   </div>
   <div class='ocr_carea' id='block_1_7' title="bbox 97 3975 1264 4484">
    <p class='ocr_par' dir='ltr' id='par_1_7' title="bbox 97 3975 1264 4484">
     <span class='ocr_line' id='line_1_33' title="bbox 172 3975 1260 4044; baseline -0.002 -15"><span class='ocrx_word' id='word_1_261' title='bbox 172 3983 183 4029; x_wconf 88' lang='lat'>1</span> <span class='ocrx_word' id='word_1_262' title='bbox 204 3976 341 4029; x_wconf 78' lang='lat' dir='ltr'>Zuischen</span> <span class='ocrx_word' id='word_1_263' title='bbox 365 3979 463 4030; x_wconf 88' lang='lat' dir='ltr'>diesem</span> <span class='ocrx_word' id='word_1_264' title='bbox 486 3978 540 4029; x_wconf 89' lang='lat' dir='ltr'>und</span> <span class='ocrx_word' id='word_1_265' title='bbox 563 3979 621 4029; x_wconf 86' lang='lat' dir='ltr'>dem</span> <span class='ocrx_word' id='word_1_266' title='bbox 645 3979 728 4030; x_wconf 86' lang='lat' dir='ltr'>briese</span> <span class='ocrx_word' id='word_1_267' title='bbox 751 3994 811 4029; x_wconf 84' lang='lat' dir='ltr'>rom</span> <span class='ocrx_word' id='word_1_268' title='bbox 840 3982 869 4028; x_wconf 81' lang='lat'>12</span> <span class='ocrx_word' id='word_1_269' title='bbox 890 3977 947 4028; x_wconf 85' lang='lat' dir='ltr'>Juli</span> <span class='ocrx_word' id='word_1_270' title='bbox 967 3977 1047 4044; x_wconf 87' lang='lat' dir='ltr'>(oben</span> <span class='ocrx_word' id='word_1_271' title='bbox 1073 3994 1131 4031; x_wconf 87' lang='lat' dir='ltr'>nro.</span> <span class='ocrx_word' id='word_1_272' title='bbox 1151 3975 1260 4039; x_wconf 84' lang='lat' dir='ltr'><strong>CXVIII)</strong></span> 
     </span>
     <span class='ocr_line' id='line_1_34' title="bbox 97 4060 1264 4132; baseline 0.001 -17"><span class='ocrx_word' id='word_1_273' title='bbox 97 4065 164 4132; x_wconf 78' lang='lat' dir='ltr'>llegt</span> <span class='ocrx_word' id='word_1_274' title='bbox 183 4066 237 4131; x_wconf 78' lang='lat' dir='ltr'>ein,</span> <span class='ocrx_word' id='word_1_275' title='bbox 261 4081 309 4117; x_wconf 88' lang='lat' dir='ltr'>nur</span> <span class='ocrx_word' id='word_1_276' title='bbox 333 4082 381 4117; x_wconf 85' lang='lat' dir='ltr'>eus</span> <span class='ocrx_word' id='word_1_277' title='bbox 405 4082 524 4116; x_wconf 87' lang='lat' dir='ltr'>unserem</span> <span class='ocrx_word' id='word_1_278' title='bbox 543 4067 626 4117; x_wconf 86' lang='lat' dir='ltr'>briefe</span> <span class='ocrx_word' id='word_1_279' title='bbox 645 4082 676 4116; x_wconf 81' lang='lat' dir='ltr'>zu</span> <span class='ocrx_word' id='word_1_280' title='bbox 696 4066 929 4129; x_wconf 85' lang='lat' dir='ltr'>erschlicssendcr,</span> <span class='ocrx_word' id='word_1_281' title='bbox 954 4065 1010 4117; x_wconf 87' lang='lat' dir='ltr'>und</span> <span class='ocrx_word' id='word_1_282' title='bbox 1029 4068 1116 4119; x_wconf 87' lang='lat' dir='ltr'>durch</span> <span class='ocrx_word' id='word_1_283' title='bbox 1135 4068 1186 4120; x_wconf 84' lang='lat' dir='ltr'>den</span> <span class='ocrx_word' id='word_1_284' title='bbox 1204 4060 1264 4118; x_wconf 83' lang='lat' dir='ltr'>brlcl</span> 
     </span>
     <span class='ocr_line' id='line_1_35' title="bbox 97 4149 1262 4221; baseline -0.002 -17"><span class='ocrx_word' id='word_1_285' title='bbox 97 4169 157 4205; x_wconf 85' lang='lat' dir='ltr'>vom</span> <span class='ocrx_word' id='word_1_286' title='bbox 177 4158 208 4205; x_wconf 80' lang='lat' dir='ltr'>ssl</span> <span class='ocrx_word' id='word_1_287' title='bbox 230 4155 333 4220; x_wconf 78' lang='lat' dir='ltr'>August</span> <span class='ocrx_word' id='word_1_288' title='bbox 356 4156 421 4204; x_wconf 78' lang='lat'>1512</span> <span class='ocrx_word' id='word_1_289' title='bbox 442 4153 627 4218; x_wconf 81' lang='lat' dir='ltr'>begleubigter</span> <span class='ocrx_word' id='word_1_290' title='bbox 649 4155 784 4221; x_wconf 77' lang='lat' dir='ltr'>lltltgiger</span> <span class='ocrx_word' id='word_1_291' title='bbox 802 4153 951 4205; x_wconf 81' lang='lat' dir='ltr'>euleuthelt</span> <span class='ocrx_word' id='word_1_292' title='bbox 970 4155 1117 4208; x_wconf 87' lang='lat' dir='ltr'>Reuchlins</span> <span class='ocrx_word' id='word_1_293' title='bbox 1136 4158 1166 4207; x_wconf 90' lang='lat' dir='ltr'>iu</span> <span class='ocrx_word' id='word_1_294' title='bbox 1186 4149 1262 4205; x_wconf 77' lang='lat' dir='ltr'>Besel-</span> 
     </span>
     <span class='ocr_line' id='line_1_36' title="bbox 99 4240 1262 4309; baseline -0.001 -19"><span class='ocrx_word' id='word_1_295' title='bbox 99 4245 113 4290; x_wconf 76' lang='lat' dir='ltr'>t</span> <span class='ocrx_word' id='word_1_296' title='bbox 138 4241 195 4309; x_wconf 73' lang='lat' dir='ltr'>Eu]</span> <span class='ocrx_word' id='word_1_297' title='bbox 224 4242 329 4294; x_wconf 80' lang='lat' dir='ltr'>benieht</span> <span class='ocrx_word' id='word_1_298' title='bbox 353 4242 412 4294; x_wconf 85' lang='lat' dir='ltr'>sich</span> <span class='ocrx_word' id='word_1_299' title='bbox 438 4240 486 4290; x_wconf 81' lang='lat' dir='ltr'>aul</span> <span class='ocrx_word' id='word_1_300' title='bbox 512 4241 553 4291; x_wconf 89' lang='lat' dir='ltr'>die</span> <span class='ocrx_word' id='word_1_301' title='bbox 577 4257 651 4306; x_wconf 83' lang='lat' dir='ltr'>eusg.</span> <span class='ocrx_word' id='word_1_302' title='bbox 678 4242 723 4293; x_wconf 89' lang='lat' dir='ltr'>des</span> <span class='ocrx_word' id='word_1_303' title='bbox 753 4243 938 4309; x_wconf 85' lang='lat' dir='ltr'>Hieronymus.</span> <span class='ocrx_word' id='word_1_304' title='bbox 1033 4246 1048 4294; x_wconf 82' lang='grc'>3</span> <span class='ocrx_word' id='word_1_305' title='bbox 1077 4245 1127 4296; x_wconf 89' lang='lat' dir='ltr'>Die</span> <span class='ocrx_word' id='word_1_306' title='bbox 1155 4245 1262 4298; x_wconf 76' lang='lat' dir='ltr'>Societas</span> 
     </span>
     <span class='ocr_line' id='line_1_37' title="bbox 98 4328 1263 4397; baseline 0.002 -19"><span class='ocrx_word' id='word_1_307' title='bbox 98 4329 269 4381; x_wconf 80' lang='lat' dir='ltr'>triumviralis</span> <span class='ocrx_word' id='word_1_308' title='bbox 291 4332 326 4381; x_wconf 85' lang='lat' dir='ltr'>ist</span> <span class='ocrx_word' id='word_1_309' title='bbox 344 4329 412 4379; x_wconf 92' lang='lat' dir='ltr'>ohne</span> <span class='ocrx_word' id='word_1_310' title='bbox 435 4328 536 4378; x_wconf 76' lang='lat' dir='ltr'>zwcifel</span> <span class='ocrx_word' id='word_1_311' title='bbox 560 4328 602 4379; x_wconf 87' lang='lat' dir='ltr'>dle</span> <span class='ocrx_word' id='word_1_312' title='bbox 622 4330 787 4397; x_wconf 81' lang='lat' dir='ltr'>verbindung</span> <span class='ocrx_word' id='word_1_313' title='bbox 811 4331 856 4382; x_wconf 84' lang='lat' dir='ltr'>dee</span> <span class='ocrx_word' id='word_1_314' title='bbox 874 4330 1013 4382; x_wconf 65' lang='lat' dir='ltr'>«lohannes</span> <span class='ocrx_word' id='word_1_315' title='bbox 1035 4331 1202 4397; x_wconf 67' lang='lat' dir='ltr'>emortuos,</span> <span class='ocrx_word' id='word_1_316' title='bbox 1223 4331 1263 4381; x_wconf 77' lang='lat' dir='ltr'>deo</span> 
     </span>
     <span class='ocr_line' id='line_1_38' title="bbox 98 4415 1263 4484; baseline -0.003 -16"><span class='ocrx_word' id='word_1_317' title='bbox 98 4415 160 4468; x_wconf 78' lang='lat' dir='ltr'>doh.</span> <span class='ocrx_word' id='word_1_318' title='bbox 176 4417 279 4470; x_wconf 80' lang='lat' dir='ltr'>Froben</span> <span class='ocrx_word' id='word_1_319' title='bbox 298 4416 351 4467; x_wconf 91' lang='lat' dir='ltr'>und</span> <span class='ocrx_word' id='word_1_320' title='bbox 370 4415 433 4466; x_wconf 89' lang='lat' dir='ltr'>Joh.</span> <span class='ocrx_word' id='word_1_321' title='bbox 455 4415 532 4480; x_wconf 85' lang='lat' dir='ltr'>Petri,</span> <span class='ocrx_word' id='word_1_322' title='bbox 551 4416 592 4466; x_wconf 90' lang='lat' dir='ltr'>die</span> <span class='ocrx_word' id='word_1_323' title='bbox 612 4418 739 4484; x_wconf 76' lang='lat' dir='ltr'>librigens</span> <span class='ocrx_word' id='word_1_324' title='bbox 758 4419 840 4470; x_wconf 88' lang='lat' dir='ltr'>sehon</span> <span class='ocrx_word' id='word_1_325' title='bbox 860 4419 972 4470; x_wconf 82' lang='lat' dir='ltr'>verder</span> <span class='ocrx_word' id='word_1_326' title='bbox 991 4421 1045 4471; x_wconf 78' lang='lat' dir='ltr'>neit</span> <span class='ocrx_word' id='word_1_327' title='bbox 1067 4421 1157 4474; x_wconf 81' lang='lat' dir='ltr'>dieses</span> <span class='ocrx_word' id='word_1_328' title='bbox 1175 4418 1263 4475; x_wconf 79' lang='lat' dir='ltr'>brieter</span> 
     </span>
    </p>
   </div>
   <div class='ocr_carea' id='block_1_8' title="bbox 0 0 1371 4898">
    <p class='ocr_par' dir='ltr' id='par_1_8' title="bbox 0 0 1371 4898">
     <span class='ocr_line' id='line_1_39' title="bbox 0 0 1371 4898; baseline 0 0"><span class='ocrx_word' id='word_1_329' title='bbox 0 0 1371 4898; x_wconf 95' lang='lat' dir='ltr'> </span> 
     </span>
    </p>
   </div>
  </div>
 </body>
</html>
