2716 4898
651 271 695 336 90

96 481 205 526 rerum
231 459 406 544 disciplinis
437 459 572 541 relictis,
604 462 698 547 quasi
726 461 944 546 ludimagistri
967 459 1010 528 ad
1032 462 1174 548 puerilia
1195 463 1250 529 ela

96 573 205 630 menta
237 588 272 632 se
304 572 544 646 converterent,
578 588 636 650 ego
671 570 845 634 miseratus
876 574 944 633 tam
974 575 1106 634 sanctas
1136 569 1251 650 literas,

98 671 228 749 indolui,
251 693 324 737 mea
347 677 444 737 aetate
465 672 627 739 studiosos
644 674 766 740 diutius
788 674 962 740 hebraicae
984 675 1103 758 lingnae
1122 676 1252 741 scientia

96 798 223 843 carere:
248 786 448 863 quapropter
470 779 598 844 illorum
622 780 748 864 ingenio
775 781 887 846 favens
911 801 1010 846 ausus
1034 802 1108 846 snm
1131 784 1159 862 ¹,
1182 780 1254 847 licet

95 905 194 968 snpra
221 884 350 949 modum
378 883 486 950 forsan
514 890 653 966 temera,
682 888 807 970 primns
841 887 982 952 omnium
1013 894 1047 953 et
1070 894 1140 953 tam
1163 908 1252 971 grane

95 988 221 1073 pondus
236 991 315 1055 meis
330 988 473 1055 humeris
495 991 660 1074 imponere
685 1000 718 1059 et
734 993 829 1058 simul
845 1015 896 1059 me
913 992 1030 1060 offerre
1047 994 1060 1032 ⁸
1084 993 1254 1060 latratibus

95 1094 307 1176 mordacium3
330 1097 453 1160 utinam
472 1097 610 1182 judaicis
636 1099 748 1164 solnm.

185 1202 297 1288 Neque
313 1222 334 1267 a
349 1201 502 1287 dignitate
526 1205 587 1268 viri
602 1205 689 1270 docti
705 1207 855 1289 reputavi
879 1205 1029 1286 alienum,
1052 1205 1099 1271 ad
1122 1205 1257 1271 elemen-

98 1308 185 1375 taria
206 1308 368 1373 consortia
384 1309 546 1374 declinare
570 1312 686 1375 aurelii
710 1311 839 1394 Opilii³
862 1311 1020 1395 exemplo,
1044 1312 1190 1396 quinon
1213 1317 1257 1377 ast

96 1414 288 1497 dedignatus
310 1420 385 1498 post
406 1414 642 1499 philosophiam
658 1419 773 1500 primo,
799 1417 915 1483 deinde
931 1423 1035 1482 artem
1051 1417 1256 1496 rhetoricam,

96 1521 268 1586 novissima
297 1522 507 1603 grammatica
530 1523 667 1604 sectari3
698 1524 778 1587 nihil
801 1524 898 1588 aliter
929 1522 969 1588 de
993 1523 1089 1588 Ateio
1119 1524 1257 1588 Praetex-

98 1633 168 1693 tato
191 1627 351 1713 philologo
375 1628 546 1694 Suetonius
570 1630 777 1713 Tranquillus
801 1634 952 1694 testatur.
997 1629 1108 1694 Simile
1132 1649 1257 1714 quoqne

95 1733 136 1800 de
152 1733 282 1800 Valerio
298 1734 430 1814 Catone,
454 1735 509 1821 qni
526 1735 631 1800 dictus
656 1742 706 1800 est
722 1735 838 1800 Latina
855 1734 968 1820 Syron.
1002 1735 1124 1800 Fateor
1139 1736 1256 1820 itaque,

96 1840 183 1905 circa
213 1839 380 1905 literarum
412 1841 571 1905 rationem
594 1862 769 1924 puerorum
798 1862 868 1905 esse
897 1840 1020 1920 studia,
1051 1847 1087 1906 et
1114 1863 1188 1907 essa
1210 1862 1258 1907 me

96 1946 194 2011 etiam
218 1967 255 2011 eo
279 1967 363 2011 nunc
385 1953 582 2031 provectum,
605 1952 641 2012 nt
664 1947 784 2030 partim
807 1968 858 2011 me
878 1945 1117 2031 philosophum,
1141 1947 1258 2032 partim

92 2050 359 2136 jurisconsultum
381 2051 582 2117 arbitrentur
613 2052 663 2117 his
695 2052 866 2118 decausis
893 2052 1048 2133 maxime,
1072 2059 1144 2118 tum
1175 2051 1259 2138 qnod

96 2178 136 2223 ex
158 2156 322 2240 Oapnione
345 2162 455 2223 nostro
480 2179 574 2242 qnam
599 2157 789 2223 edidimus⁴
813 2156 853 2223 de
879 2158 978 2224 verbo
1001 2157 1139 2225 mirifico
1162 2158 1175 2198 ⁵
1197 2179 1259 2224 non

94 2263 174 2328 nihil
197 2263 283 2349 qnod
315 2285 398 2329 vcra
420 2262 630 2348 philosophiae
653 2264 802 2343 accedat,
828 2264 893 2330 sibi
916 2263 1140 2353 persuadeant
1164 2286 1260 2350 posse

96 2368 276 2450 exanclari,
300 2375 370 2435 tum
393 2369 478 2454 quod
497 2370 566 2454 jam
589 2391 690 2435 annos
714 2369 929 2454 complures⁶
953 2391 1052 2454 snper
1075 2370 1260 2437 fortissimis

95 2474 208 2542 Suavis
242 2475 479 2542 confoederatos
509 2477 671 2561 principes
710 2475 902 2560 dignitatem
942 2477 1169 2542 triumviratus
1199 2496 1260 2540 non

94 2584 271 2650 ambitione
295 2583 352 2651 sed
369 2583 525 2650 electione
541 2604 632 2649 mera
649 2583 712 2649 sim
728 2587 930 2663 consecutus,
947 2602 1085 2666 eumque
1107 2580 1259 2648 honorem

92 2711 195 2775 usqne
217 2691 251 2755 in
273 2690 358 2756 huno
381 2691 467 2755 diem
490 2711 618 2755 servare
642 2711 694 2755 ma
718 2689 865 2755 sentiant
887 2689 920 2753 in
947 2709 1141 2755 concussum
1164 2694 1259 2773 atque

95 2802 252 2863 sanctum.

183 2902 336 2968 Attamen
360 2900 440 2966 nihil
462 2923 514 2967 me
538 2901 632 2987 hujus
657 2901 877 2968 elementariae
892 2902 974 2968 artis
996 2901 1161 2986 dispudet,
1186 2920 1261 2985 qno·

87 3008 182 3073 'niam
213 3007 255 3073 ab
284 3009 415 3073 ineunte
448 3008 596 3092 protinus
632 3007 855 3074 adolescentia
890 3007 972 3073 illud
998 3009 1106 3091 ipsum
1140 3029 1182 3073 ex
1203 3027 1261 3073 usn

94 3113 173 3180 mihi
204 3113 266 3178 snit
295 3120 409 3198 estque
436 3116 470 3178 in
499 3136 588 3180 more
613 3135 756 3197 semper,
783 3113 1115 3197 contemplationibus
1139 3113 1261 3196 magnis

95 3220 238 3285 ludicras
261 3218 447 3302 disciplinas
470 3219 645 3303 adjungere
666 3240 794 3303 semper
815 3218 969 3284 discendo
992 3218 1127 3301 docere,
1153 3220 1260 3285 sinon

96 3346 240 3393 summos
264 3326 358 3406 viros,
382 3332 418 3390 at
440 3324 601 3391 infimates
619 3327 640 3390 ⁷.
686 3326 806 3391 Postea
829 3325 915 3389 enim
938 3344 1032 3409 quam
1054 3345 1140 3390 anno
1157 3325 1261 3390 aetatis

95 3454 174 3499 meae
198 3431 488 3517 duodevigesimo⁸
511 3431 668 3498 Prisciani
691 3431 901 3505 Caesariensis
926 3430 1072 3497 literaria
1096 3431 1209 3496 studia
1229 3430 1260 3494 in

96 3539 206 3604 schola
230 3539 428 3605 Parisiorum
451 3560 621 3623 aggressus
645 3560 725 3618 sum,
748 3537 877 3602 biennio
901 3542 976 3620 post
992 3535 1080 3622 apud
1096 3537 1260 3603 Rauracos

96 3645 322 3711 dictionarium
346 3646 461 3730 collegi
484 3666 579 3732 quem
611 3643 774 3728 appellavi
797 3642 1027 3728 Breviloqnum
1044 3641 1064 3708 ⁹.
1112 3643 1161 3709 Eo
1184 3647 1261 3708 tem·

669 3780 686 3819 'l‘

170 3869 181 3916 1
204 3881 356 3917 aussnssnm
382 3871 404 3918 1.
479 3870 493 3915 2
514 3865 606 3915 offerre
630 3879 671 3914 ms
697 3869 721 3914 2.
795 3865 809 3914 3
831 3848 904 3917 liner
929 3862 1052 3915 Aurelius
1077 3860 1186 3928 Opilius
1210 3859 1260 3926 vgl.

96 3955 201 4006 Sueten.
226 3955 258 4006 de
283 3955 467 4006 Grammaticis
492 3969 549 4021 cop.
575 3956 599 4018 6,
623 3954 689 4005 iiber
714 3952 805 4017 Atejns
830 3969 886 4020 cap.
913 3957 936 4016 7,
961 3953 1025 4004 iiber
1048 3950 1172 4002 Valerius
1200 3949 1260 4000 Cato

97 4060 153 4111 cup.
175 4049 215 4095 11.
273 4048 289 4093 4
308 4044 454 4095 sodidimns
469 4047 493 4094 2.
548 4046 563 4093 5
584 4043 615 4093 de
634 4044 713 4094 verbo
732 4042 853 4110 mirifico]
867 4042 921 4108 vgl.
937 4042 1005 4094 ohan
1021 4043 1159 4091 14941110.
1171 4038 1261 4090 XLVI.

97 4136 113 4184 6
132 4149 214 4184 annos
234 4132 392 4201 complures]
411 4133 461 4182 seit
480 4131 538 4181 dem
553 4131 720 4195 jahre1500,
740 4131 796 4197 vgl.
810 4132 875 4181 iiber
888 4130 976 4179 diesen
991 4129 1169 4197 schwierigen
1181 4128 1261 4196 pnulrt

96 4223 181 4272 meina
201 4221 410 4287 untersuchnng:
431 4221 492 4270 Mel.
513 4221 597 4271 oratio
618 4237 637 4271 s.
659 4222 691 4270 29
712 4221 753 4270 bis
774 4222 816 4270 34.
881 4224 895 4269 7
915 4218 1057 4268 infimatais
1079 4222 1104 4270 2.
1161 4222 1176 4270 8
1197 4231 1259 4267 auno

98 4308 313 4374 duodevigesimo
341 4313 416 4373 1473,
443 4310 497 4376 vgl.
523 4310 666 4363 Ronchlins
691 4309 762 4361 brief
786 4324 818 4358 an
838 4306 921 4358 Faber
941 4310 972 4359 31
993 4309 1061 4373 sug.
1085 4308 1153 4359 1513
1174 4312 1258 4356 natan.

98 4399 113 4450 9
131 4397 193 4469 Vgl.
210 4397 340 4456 Rsnchlin
359 4415 380 4450 s.
401 4400 434 4450 68
453 4398 481 4455 n.
