2790 4882
700 279 764 345 336

151 471 300 554 impensa
332 469 512 537 Salomonis
535 468 715 553 proverbia,
738 469 907 535 Canticum
930 468 1139 536 cantieorum
1163 474 1197 534 et
1211 467 1323 534 Eoole·

153 576 275 641 siasten
302 573 334 639 in
359 573 560 640 enchiridion
585 575 700 655 simul,
724 582 760 641 ut
786 574 928 660 jussisti,
959 575 1085 642 noviter
1114 595 1188 640 oum
1211 594 1325 638 accen-

81 756 93 760 ..
152 679 239 746 tibus
264 677 485 746 excudendum
515 668 680 746 curarem(
719 679 802 745 Nam
830 679 909 765 quid
941 687 1008 746 tarn
1031 679 1180 759 arduum,
1204 676 1323 764 quidve

153 791 221 850 tam
245 806 416 871 operosum
452 784 530 850 mihi
554 791 664 869 potest
694 784 799 870 objici,
830 783 926 871 quod,
950 792 983 852 te
1001 785 1147 871 jubente,
1170 782 1325 850 herculea

153 891 292 956 audacia
315 911 378 956 uon
394 890 574 974 aggrediar,
598 912 656 955 neo
672 890 754 956 olam
779 912 830 956 me
854 898 914 970 est,
938 912 1033 977 quam
1051 890 1129 956 mihi
1152 890 1195 956 sit
1217 896 1252 954 et
1274 895 1324 954 tn·

154 1003 221 1061 turn
247 1002 280 1060 et
302 996 395 1076 utile,
429 995 494 1061 tuis
518 996 707 1081 justissimis
736 995 949 1080 petitionibus
982 995 1181 1063 satisfacere.
1228 992 1322 1073 Quod

153 1101 253 1185 igitur
278 1123 298 1166 a
321 1123 371 1166 me
395 1123 454 1186 per
470 1101 582 1167 literas
602 1103 611 1140 ¹
634 1101 768 1186 petiisti,
785 1100 931 1185 quamvis
954 1101 1095 1168 adhunc
1118 1121 1220 1186 usque
1237 1098 1322 1164 diem

155 1205 346 1286 distulerim,
370 1229 453 1272 nuno
470 1207 511 1272 ad
535 1213 567 1271 te
585 1207 715 1273 missum
740 1213 832 1272 tanto
847 1206 1001 1273 libentius
1025 1205 1174 1291 accipies,
1200 1210 1321 1290 quanto

154 1334 206 1378 me
230 1313 337 1403 fateor
358 1312 392 1376 id
415 1313 584 1378 ardentius
608 1312 763 1397 exegisse.
809 1312 887 1391 Quis
918 1333 1001 1377 nuno
1032 1311 1119 1392 mihi,
1143 1317 1181 1376 ut
1203 1309 1256 1375 hio
1278 1308 1323 1374 lo·

104 1463 106 1469 -
155 1439 212 1484 cus
236 1425 317 1497 erat,
341 1417 498 1483 maximas
522 1424 555 1483 et
578 1417 733 1502 plurimas
757 1416 869 1482 laudes
893 1418 972 1483 satis
996 1421 1236 1495 commemoret,
1252 1434 1322 1500 quae

155 1523 216 1589 tibi
239 1522 475 1608 proculdubio
500 1523 675 1603 debentur,
705 1523 762 1588 sed
785 1522 903 1606 ingenii
926 1521 989 1587 mei
1012 1520 1235 1588 imbecillitate
1260 1541 1322 1585 uon

155 1629 373 1709 exsolvuntur,
397 1635 547 1695 exactum
560 1635 668 1696 autem
686 1635 828 1712 putetur,
851 1627 948 1712 quod,
972 1627 1000 1694 si
1022 1647 1160 1711 possem,
1183 1625 1323 1692 libenter

156 1733 278 1801 darem.
324 1735 371 1800 Tu
396 1734 490 1814 enim,
519 1741 612 1800 taceo
640 1743 768 1813 catera,
802 1755 861 1817 pro
884 1754 985 1798 saorae
1016 1733 1132 1816 linguae
1163 1732 1322 1797 instaura·

157 1841 243 1906 tione
268 1839 344 1925 quid
368 1861 430 1905 non
455 1839 574 1919 fecisti,
605 1848 641 1907 ut
669 1863 730 1905 non
755 1838 923 1905 'immerito
953 1838 1040 1904 alter
1067 1838 1136 1924 ejus
1160 1843 1257 1922 pater
1280 1837 1322 1902 sis

53 1979 57 1992 ·
156 1942 379 2029 appellandus.
427 1944 506 2012 Vale
531 1946 674 2011 Venetiis
701 1951 736 2010 ll
765 1945 835 2010 Kal.
859 1942 1054 2009 Februarias
1085 1947 1178 2007 1522.

245 2054 321 2113 Ans:
361 2073 402 2110 =
438 2054 676 2129 PROVERBIA,
717 2053 918 2113 CANTICVM
962 2058 991 2112 et
1036 2029 1321 2112 ECCLESIASTES

156 2159 237 2220 hebr.
269 2160 313 2220 ed.
345 2159 505 2236 Bomberg,
535 2163 636 2221 Venst.
673 2162 756 2221 1522
789 2160 835 2219 bei
867 2155 958 2231 Wolf,
992 2157 1166 2217 bibliotheca
1196 2158 1320 2231 hebraea,

156 2267 213 2326 vor.
230 2243 278 2342 nl,
302 2283 325 2326 s.
355 2269 415 2326 143
432 2265 471 2343 lg.
496 2350 498 2355 y

737 2390 753 2428 ὴ

230 2487 240 2533 l
262 2481 313 2533 Per
332 2480 432 2552 literas]
451 2482 497 2535 der
514 2482 585 2534 brief
601 2480 745 2533 Reuohlins
764 2482 798 2532 ist
817 2479 891 2531 nieht
909 2479 1033 2532 erhalten.
1078 2492 1081 2498 ¹
