<?xml version="1.0" encoding="UTF-8"?>
<!DOCTYPE html PUBLIC "-//W3C//DTD XHTML 1.0 Transitional//EN"
    "http://www.w3.org/TR/xhtml1/DTD/xhtml1-transitional.dtd">
<html xmlns="http://www.w3.org/1999/xhtml" xml:lang="en" lang="en">
 <head>
  <title>
</title>
<meta http-equiv="Content-Type" content="text/html;charset=utf-8" />
  <meta name='ocr-system' content='tesseract 3.04.00' />
  <meta name='ocr-capabilities' content='ocr_page ocr_carea ocr_par ocr_line ocrx_word'/>
</head>
<body>
  <div class='ocr_page' id='page_1' title='image "./johannreuchlins00reucgoog/johannreuchlins00reucgoog_0258.png"; bbox 0 0 2716 4898; ppageno 0'>
   <div class='ocr_carea' id='block_1_1' title="bbox 656 348 722 416">
    <p class='ocr_par' dir='ltr' id='par_1_1' title="bbox 656 348 722 416">
     <span class='ocr_line' id='line_1_1' title="bbox 656 348 722 416; baseline 0 0"><span class='ocrx_word' id='word_1_1' title='bbox 656 348 722 416; x_wconf 79' lang='lat'>246</span> 
     </span>
    </p>
   </div>
   <div class='ocr_carea' id='block_1_2' title="bbox 105 535 1260 837">
    <p class='ocr_par' dir='ltr' id='par_1_2' title="bbox 105 535 1260 837">
     <span class='ocr_line' id='line_1_2' title="bbox 106 535 1260 623; baseline -0.005 -15"><span class='ocrx_word' id='word_1_2' title='bbox 106 543 249 609; x_wconf 83' lang='lat' dir='ltr'>studium</span> <span class='ocrx_word' id='word_1_3' title='bbox 271 539 545 620; x_wconf 87' lang='lat' dir='ltr'>ardentissimum,</span> <span class='ocrx_word' id='word_1_4' title='bbox 568 538 774 618; x_wconf 81' lang='lat' dir='ltr'>consulendo,</span> <span class='ocrx_word' id='word_1_5' title='bbox 798 537 885 623; x_wconf 89' lang='lat' dir='ltr'>quod</span> <span class='ocrx_word' id='word_1_6' title='bbox 906 536 1002 623; x_wconf 88' lang='lat' dir='ltr'>iiqni</span> <span class='ocrx_word' id='word_1_7' title='bbox 1024 535 1107 604; x_wconf 80' lang='lat' dir='ltr'>foris</span> <span class='ocrx_word' id='word_1_8' title='bbox 1130 542 1165 604; x_wconf 85' lang='lat' dir='ltr'>et</span> <span class='ocrx_word' id='word_1_9' title='bbox 1185 541 1260 603; x_wconf 83' lang='lat' dir='ltr'>extra</span> 
     </span>
     <span class='ocr_line' id='line_1_3' title="bbox 105 642 1260 727; baseline -0.003 -15"><span class='ocrx_word' id='word_1_10' title='bbox 105 647 203 712; x_wconf 88' lang='lat' dir='ltr'>fidem</span> <span class='ocrx_word' id='word_1_11' title='bbox 226 655 369 713; x_wconf 89' lang='lat' dir='ltr'>nostram</span> <span class='ocrx_word' id='word_1_12' title='bbox 395 652 470 711; x_wconf 89' lang='lat' dir='ltr'>sunt</span> <span class='ocrx_word' id='word_1_13' title='bbox 493 647 559 711; x_wconf 83' lang='lat' dir='ltr'>sive</span> <span class='ocrx_word' id='word_1_14' title='bbox 574 644 681 710; x_wconf 87' lang='lat' dir='ltr'>Judaei</span> <span class='ocrx_word' id='word_1_15' title='bbox 704 667 761 710; x_wconf 88' lang='lat' dir='ltr'>ssu</span> <span class='ocrx_word' id='word_1_16' title='bbox 787 643 891 708; x_wconf 88' lang='lat' dir='ltr'>Graeci</span> <span class='ocrx_word' id='word_1_17' title='bbox 915 649 974 709; x_wconf 91' lang='lat' dir='ltr'>aut</span> <span class='ocrx_word' id='word_1_18' title='bbox 989 643 1161 727; x_wconf 87' lang='lat' dir='ltr'>Agareni¹</span> <span class='ocrx_word' id='word_1_19' title='bbox 1182 642 1260 708; x_wconf 82' lang='lat' dir='ltr'>nullis</span> 
     </span>
     <span class='ocr_line' id='line_1_4' title="bbox 105 747 1259 837; baseline -0.003 -19"><span class='ocrx_word' id='word_1_20' title='bbox 105 752 247 818; x_wconf 90' lang='lat' dir='ltr'>debeant</span> <span class='ocrx_word' id='word_1_21' title='bbox 270 753 394 837; x_wconf 92' lang='lat' dir='ltr'>injuriis</span> <span class='ocrx_word' id='word_1_22' title='bbox 418 751 460 816; x_wconf 92' lang='lat' dir='ltr'>ad</span> <span class='ocrx_word' id='word_1_23' title='bbox 483 773 541 816; x_wconf 90' lang='lat' dir='ltr'>uos</span> <span class='ocrx_word' id='word_1_24' title='bbox 564 750 658 815; x_wconf 86' lang='lat' dir='ltr'>trahi.</span> <span class='ocrx_word' id='word_1_25' title='bbox 704 749 776 814; x_wconf 89' lang='lat' dir='ltr'>Nou</span> <span class='ocrx_word' id='word_1_26' title='bbox 801 750 884 814; x_wconf 89' lang='lat' dir='ltr'>enim</span> <span class='ocrx_word' id='word_1_27' title='bbox 900 747 1109 814; x_wconf 87' lang='lat' dir='ltr'>commodum</span> <span class='ocrx_word' id='word_1_28' title='bbox 1134 748 1259 814; x_wconf 79' lang='lat' dir='ltr'>ecelesia</span> 
     </span>
    </p>
   </div>
   <div class='ocr_carea' id='block_1_3' title="bbox 74 852 1258 3566">
    <p class='ocr_par' dir='ltr' id='par_1_3' title="bbox 104 852 1258 2096">
     <span class='ocr_line' id='line_1_5' title="bbox 105 852 1258 943; baseline -0.004 -20"><span class='ocrx_word' id='word_1_29' title='bbox 105 859 217 943; x_wconf 79' lang='lat' dir='ltr'>putari</span> <span class='ocrx_word' id='word_1_30' title='bbox 240 857 309 922; x_wconf 85' lang='lat' dir='ltr'>fore</span> <span class='ocrx_word' id='word_1_31' title='bbox 332 879 391 941; x_wconf 83' lang='lat' dir='ltr'>per</span> <span class='ocrx_word' id='word_1_32' title='bbox 414 854 617 939; x_wconf 82' lang='lat' dir='ltr'><strong>tyrannidem</strong></span> <span class='ocrx_word' id='word_1_33' title='bbox 641 855 713 920; x_wconf 88' lang='lat' dir='ltr'>illos</span> <span class='ocrx_word' id='word_1_34' title='bbox 734 875 772 918; x_wconf 86' lang='lat' dir='ltr'>ac</span> <span class='ocrx_word' id='word_1_35' title='bbox 800 854 960 919; x_wconf 84' lang='lat' dir='ltr'>saeviciam</span> <span class='ocrx_word' id='word_1_36' title='bbox 983 852 1027 919; x_wconf 90' lang='lat' dir='ltr'>ad</span> <span class='ocrx_word' id='word_1_37' title='bbox 1050 874 1178 919; x_wconf 85' lang='lat' dir='ltr'>sacrum</span> <span class='ocrx_word' id='word_1_38' title='bbox 1199 852 1258 937; x_wconf 82' lang='lat' dir='ltr'>bap</span> 
     </span>
     <span class='ocr_line' id='line_1_6' title="bbox 105 957 1257 1046; baseline -0.003 -18"><span class='ocrx_word' id='word_1_39' title='bbox 105 964 237 1028; x_wconf 89' lang='lat' dir='ltr'>tismum</span> <span class='ocrx_word' id='word_1_40' title='bbox 259 963 345 1046; x_wconf 82' lang='lat' dir='ltr'>cogi3</span> <span class='ocrx_word' id='word_1_41' title='bbox 370 962 446 1045; x_wconf 92' lang='lat' dir='ltr'>quin</span> <span class='ocrx_word' id='word_1_42' title='bbox 470 962 577 1043; x_wconf 86' lang='lat' dir='ltr'>potius</span> <span class='ocrx_word' id='word_1_43' title='bbox 593 960 679 1044; x_wconf 92' lang='lat' dir='ltr'>quod</span> <span class='ocrx_word' id='word_1_44' title='bbox 703 961 769 1025; x_wconf 90' lang='lat' dir='ltr'>sint</span> <span class='ocrx_word' id='word_1_45' title='bbox 791 960 888 1043; x_wconf 86' lang='lat' dir='ltr'>juxta</span> <span class='ocrx_word' id='word_1_46' title='bbox 903 964 1024 1024; x_wconf 85' lang='lat' dir='ltr'>sanctae</span> <span class='ocrx_word' id='word_1_47' title='bbox 1040 958 1156 1025; x_wconf 89' lang='lat' dir='ltr'>matris</span> <span class='ocrx_word' id='word_1_48' title='bbox 1178 957 1257 1024; x_wconf 85' lang='lat' dir='ltr'>eccle</span> 
     </span>
     <span class='ocr_line' id='line_1_7' title="bbox 106 1062 1256 1148; baseline -0.004 -15"><span class='ocrx_word' id='word_1_49' title='bbox 106 1070 161 1134; x_wconf 86' lang='lat' dir='ltr'>siae</span> <span class='ocrx_word' id='word_1_50' title='bbox 184 1068 351 1133; x_wconf 87' lang='lat' dir='ltr'>decretum</span> <span class='ocrx_word' id='word_1_51' title='bbox 384 1065 628 1144; x_wconf 83' lang='lat' dir='ltr'>blandimentis,</span> <span class='ocrx_word' id='word_1_52' title='bbox 659 1086 721 1130; x_wconf 89' lang='lat' dir='ltr'>non</span> <span class='ocrx_word' id='word_1_53' title='bbox 753 1063 1003 1148; x_wconf 80' lang='lat' dir='ltr'>asperitatibus,</span> <span class='ocrx_word' id='word_1_54' title='bbox 1035 1062 1189 1130; x_wconf 84' lang='lat' dir='ltr'>suadendi</span> <span class='ocrx_word' id='word_1_55' title='bbox 1208 1083 1256 1128; x_wconf 91' lang='lat' dir='ltr'>non</span> 
     </span>
     <span class='ocr_line' id='line_1_8' title="bbox 105 1168 1256 1258; baseline -0.004 -20"><span class='ocrx_word' id='word_1_56' title='bbox 105 1173 301 1258; x_wconf 83' lang='lat' dir='ltr'>impellendi,</span> <span class='ocrx_word' id='word_1_57' title='bbox 324 1179 362 1237; x_wconf 93' lang='lat' dir='ltr'>ut</span> <span class='ocrx_word' id='word_1_58' title='bbox 386 1172 513 1254; x_wconf 87' lang='lat' dir='ltr'>integra</span> <span class='ocrx_word' id='word_1_59' title='bbox 537 1176 667 1235; x_wconf 86' lang='lat' dir='ltr'>maneat</span> <span class='ocrx_word' id='word_1_60' title='bbox 689 1170 793 1235; x_wconf 85' lang='lat' dir='ltr'>forma</span> <span class='ocrx_word' id='word_1_61' title='bbox 811 1169 963 1253; x_wconf 83' lang='lat' dir='ltr'>justiciae,</span> <span class='ocrx_word' id='word_1_62' title='bbox 984 1169 1084 1234; x_wconf 91' lang='lat' dir='ltr'>immo</span> <span class='ocrx_word' id='word_1_63' title='bbox 1100 1168 1256 1255; x_wconf 86' lang='lat' dir='ltr'>prudenter</span> 
     </span>
     <span class='ocr_line' id='line_1_9' title="bbox 105 1273 1254 1360; baseline -0.003 -18"><span class='ocrx_word' id='word_1_64' title='bbox 105 1300 145 1343; x_wconf 88' lang='lat' dir='ltr'>ex</span> <span class='ocrx_word' id='word_1_65' title='bbox 166 1278 295 1343; x_wconf 91' lang='lat' dir='ltr'>illorum</span> <span class='ocrx_word' id='word_1_66' title='bbox 319 1278 462 1360; x_wconf 88' lang='lat' dir='ltr'>ipsorum</span> <span class='ocrx_word' id='word_1_67' title='bbox 487 1276 653 1342; x_wconf 82' lang='lat' dir='ltr'>codicibus</span> <span class='ocrx_word' id='word_1_68' title='bbox 675 1275 892 1341; x_wconf 89' lang='lat' dir='ltr'>convincendi.</span> <span class='ocrx_word' id='word_1_69' title='bbox 938 1273 1027 1352; x_wconf 84' lang='lat' dir='ltr'>Quos</span> <span class='ocrx_word' id='word_1_70' title='bbox 1044 1273 1174 1359; x_wconf 86' lang='lat' dir='ltr'>quidem</span> <span class='ocrx_word' id='word_1_71' title='bbox 1188 1273 1254 1340; x_wconf 89' lang='lat' dir='ltr'>codi-</span> 
     </span>
     <span class='ocr_line' id='line_1_10' title="bbox 106 1379 1253 1464; baseline -0.003 -17"><span class='ocrx_word' id='word_1_72' title='bbox 106 1404 159 1448; x_wconf 88' lang='lat' dir='ltr'>ces</span> <span class='ocrx_word' id='word_1_73' title='bbox 190 1388 224 1448; x_wconf 86' lang='lat' dir='ltr'>et</span> <span class='ocrx_word' id='word_1_74' title='bbox 252 1383 354 1448; x_wconf 87' lang='lat' dir='ltr'>libros</span> <span class='ocrx_word' id='word_1_75' title='bbox 382 1403 446 1447; x_wconf 91' lang='lat' dir='ltr'>uon</span> <span class='ocrx_word' id='word_1_76' title='bbox 477 1381 625 1447; x_wconf 88' lang='lat' dir='ltr'>consensi</span> <span class='ocrx_word' id='word_1_77' title='bbox 656 1403 714 1464; x_wconf 87' lang='lat' dir='ltr'>por</span> <span class='ocrx_word' id='word_1_78' title='bbox 747 1401 805 1445; x_wconf 86' lang='lat' dir='ltr'>nos</span> <span class='ocrx_word' id='word_1_79' title='bbox 832 1380 905 1464; x_wconf 84' lang='lat' dir='ltr'>igne</span> <span class='ocrx_word' id='word_1_80' title='bbox 935 1379 1172 1447; x_wconf 88' lang='lat' dir='ltr'>comburendos</span> <span class='ocrx_word' id='word_1_81' title='bbox 1192 1400 1253 1458; x_wconf 87' lang='lat' dir='ltr'>esse,</span> 
     </span>
     <span class='ocr_line' id='line_1_11' title="bbox 105 1483 1252 1572; baseline -0.002 -20"><span class='ocrx_word' id='word_1_82' title='bbox 105 1488 167 1554; x_wconf 91' lang='lat' dir='ltr'>nisi</span> <span class='ocrx_word' id='word_1_83' title='bbox 190 1509 270 1572; x_wconf 88' lang='lat' dir='ltr'>quos</span> <span class='ocrx_word' id='word_1_84' title='bbox 293 1488 381 1571; x_wconf 87' lang='lat' dir='ltr'>leges</span> <span class='ocrx_word' id='word_1_85' title='bbox 405 1494 438 1552; x_wconf 89' lang='lat' dir='ltr'>et</span> <span class='ocrx_word' id='word_1_86' title='bbox 456 1489 533 1572; x_wconf 87' lang='lat' dir='ltr'>jura</span> <span class='ocrx_word' id='word_1_87' title='bbox 555 1485 701 1552; x_wconf 91' lang='lat' dir='ltr'>comburi</span> <span class='ocrx_word' id='word_1_88' title='bbox 724 1486 914 1551; x_wconf 83' lang='lat' dir='ltr'>sanxissent.</span> <span class='ocrx_word' id='word_1_89' title='bbox 962 1484 1056 1563; x_wconf 84' lang='lat' dir='ltr'>Quod</span> <span class='ocrx_word' id='word_1_90' title='bbox 1081 1505 1155 1552; x_wconf 91' lang='lat' dir='ltr'>cum</span> <span class='ocrx_word' id='word_1_91' title='bbox 1175 1483 1252 1550; x_wconf 84' lang='lat' dir='ltr'>latius</span> 
     </span>
     <span class='ocr_line' id='line_1_12' title="bbox 105 1587 1252 1677; baseline -0.003 -19"><span class='ocrx_word' id='word_1_92' title='bbox 105 1594 139 1658; x_wconf 93' lang='lat' dir='ltr'>in</span> <span class='ocrx_word' id='word_1_93' title='bbox 169 1593 292 1659; x_wconf 89' lang='lat' dir='ltr'>oculari</span> <span class='ocrx_word' id='word_1_94' title='bbox 321 1593 452 1677; x_wconf 90' lang='lat' dir='ltr'>speculo</span> <span class='ocrx_word' id='word_1_95' title='bbox 484 1592 527 1658; x_wconf 92' lang='lat' dir='ltr'>ad</span> <span class='ocrx_word' id='word_1_96' title='bbox 558 1592 688 1657; x_wconf 90' lang='lat' dir='ltr'>honoris</span> <span class='ocrx_word' id='word_1_97' title='bbox 719 1591 783 1655; x_wconf 88' lang='lat' dir='ltr'>mei</span> <span class='ocrx_word' id='word_1_98' title='bbox 808 1591 946 1656; x_wconf 85' lang='lat' dir='ltr'>salutem</span> <span class='ocrx_word' id='word_1_99' title='bbox 971 1596 1005 1656; x_wconf 90' lang='lat' dir='ltr'>et</span> <span class='ocrx_word' id='word_1_100' title='bbox 1027 1587 1252 1656; x_wconf 76' lang='lat' dir='ltr'>necessariori</span> 
     </span>
     <span class='ocr_line' id='line_1_13' title="bbox 104 1695 1251 1782; baseline -0.003 -19"><span class='ocrx_word' id='word_1_101' title='bbox 104 1699 299 1782; x_wconf 80' lang='lat' dir='ltr'>impugnatae</span> <span class='ocrx_word' id='word_1_102' title='bbox 333 1697 427 1763; x_wconf 87' lang='lat' dir='ltr'>famae</span> <span class='ocrx_word' id='word_1_103' title='bbox 458 1698 676 1763; x_wconf 78' lang='lat' dir='ltr'>defensionem</span> <span class='ocrx_word' id='word_1_104' title='bbox 705 1695 807 1776; x_wconf 84' lang='lat' dir='ltr'>edito,</span> <span class='ocrx_word' id='word_1_105' title='bbox 831 1701 1146 1776; x_wconf 90' lang='lat' dir='ltr'>commonstrassem,</span> <span class='ocrx_word' id='word_1_106' title='bbox 1176 1695 1251 1780; x_wconf 89' lang='lat' dir='ltr'>coepit</span> 
     </span>
     <span class='ocr_line' id='line_1_14' title="bbox 106 1799 1250 1887; baseline -0.001 -21"><span class='ocrx_word' id='word_1_107' title='bbox 106 1803 249 1887; x_wconf 83' lang='lat' dir='ltr'>impetus</span> <span class='ocrx_word' id='word_1_108' title='bbox 274 1808 307 1867; x_wconf 89' lang='lat' dir='ltr'>et</span> <span class='ocrx_word' id='word_1_109' title='bbox 329 1803 488 1867; x_wconf 87' lang='lat' dir='ltr'>tumultus</span> <span class='ocrx_word' id='word_1_110' title='bbox 511 1804 677 1886; x_wconf 84' lang='lat' dir='ltr'>insurgere</span> <span class='ocrx_word' id='word_1_111' title='bbox 694 1807 807 1867; x_wconf 89' lang='lat' dir='ltr'>contra</span> <span class='ocrx_word' id='word_1_112' title='bbox 823 1822 874 1865; x_wconf 91' lang='lat' dir='ltr'>me</span> <span class='ocrx_word' id='word_1_113' title='bbox 898 1820 993 1885; x_wconf 88' lang='lat' dir='ltr'>quem</span> <span class='ocrx_word' id='word_1_114' title='bbox 1012 1821 1085 1866; x_wconf 85' lang='lat' dir='ltr'>cunr</span> <span class='ocrx_word' id='word_1_115' title='bbox 1108 1801 1159 1866; x_wconf 94' lang='lat' dir='ltr'>dei</span> <span class='ocrx_word' id='word_1_116' title='bbox 1176 1799 1250 1866; x_wconf 86' lang='lat' dir='ltr'>lande</span> 
     </span>
     <span class='ocr_line' id='line_1_15' title="bbox 107 1906 1250 1991; baseline -0.003 -19"><span class='ocrx_word' id='word_1_117' title='bbox 107 1907 287 1990; x_wconf 88' lang='lat' dir='ltr'>apostolica</span> <span class='ocrx_word' id='word_1_118' title='bbox 309 1908 472 1971; x_wconf 88' lang='lat' dir='ltr'>sententia</span> <span class='ocrx_word' id='word_1_119' title='bbox 491 1909 564 1991; x_wconf 89' lang='lat' dir='ltr'>jure</span> <span class='ocrx_word' id='word_1_120' title='bbox 588 1908 710 1990; x_wconf 90' lang='lat' dir='ltr'>optimo</span> <span class='ocrx_word' id='word_1_121' title='bbox 735 1906 880 1986; x_wconf 90' lang='lat' dir='ltr'>sedavit,</span> <span class='ocrx_word' id='word_1_122' title='bbox 903 1906 1110 1990; x_wconf 84' lang='lat' dir='ltr'>promulgata</span> <span class='ocrx_word' id='word_1_123' title='bbox 1132 1906 1180 1972; x_wconf 87' lang='lat' dir='ltr'>his</span> <span class='ocrx_word' id='word_1_124' title='bbox 1198 1927 1250 1971; x_wconf 79' lang='lat' dir='ltr'>rer·</span> 
     </span>
     <span class='ocr_line' id='line_1_16' title="bbox 106 2010 1248 2096; baseline -0.002 -20"><span class='ocrx_word' id='word_1_125' title='bbox 106 2010 156 2076; x_wconf 91' lang='lat' dir='ltr'>bis</span> <span class='ocrx_word' id='word_1_126' title='bbox 172 2060 352 2076; x_wconf 92' lang='grc'><strong>........</strong></span> <span class='ocrx_word' id='word_1_127' title='bbox 370 2012 391 2075; x_wconf 82' lang='lat'>².</span> <span class='ocrx_word' id='word_1_128' title='bbox 423 2012 525 2090; x_wconf 82' lang='lat' dir='ltr'>Quam</span> <span class='ocrx_word' id='word_1_129' title='bbox 553 2033 626 2076; x_wconf 90' lang='lat' dir='ltr'>cum</span> <span class='ocrx_word' id='word_1_130' title='bbox 657 2011 814 2077; x_wconf 86' lang='lat' dir='ltr'>hacteuus</span> <span class='ocrx_word' id='word_1_131' title='bbox 844 2010 1022 2075; x_wconf 87' lang='lat' dir='ltr'>adversarii</span> <span class='ocrx_word' id='word_1_132' title='bbox 1051 2018 1183 2096; x_wconf 87' lang='lat' dir='ltr'>propter</span> <span class='ocrx_word' id='word_1_133' title='bbox 1202 2010 1248 2075; x_wconf 78' lang='lat' dir='ltr'>eri·</span> 
     </span>
    </p>

    <p class='ocr_par' dir='ltr' id='par_1_4' title="bbox 74 2114 1247 2937">
     <span class='ocr_line' id='line_1_17' title="bbox 74 2114 1247 2201; baseline 0 -22"><span class='ocrx_word' id='word_1_134' title='bbox 74 2114 77 2119; x_wconf 77' lang='grc'><strong>’</strong></span> <span class='ocrx_word' id='word_1_135' title='bbox 107 2116 236 2179; x_wconf 90' lang='lat' dir='ltr'>dentem</span> <span class='ocrx_word' id='word_1_136' title='bbox 255 2117 423 2199; x_wconf 84' lang='lat' dir='ltr'>justiciam</span> <span class='ocrx_word' id='word_1_137' title='bbox 446 2139 510 2181; x_wconf 91' lang='lat' dir='ltr'>non</span> <span class='ocrx_word' id='word_1_138' title='bbox 526 2138 658 2182; x_wconf 86' lang='lat' dir='ltr'>munere</span> <span class='ocrx_word' id='word_1_139' title='bbox 675 2138 737 2182; x_wconf 94' lang='lat' dir='ltr'>nou</span> <span class='ocrx_word' id='word_1_140' title='bbox 762 2137 895 2182; x_wconf 87' lang='lat' dir='ltr'>numero</span> <span class='ocrx_word' id='word_1_141' title='bbox 912 2117 1073 2182; x_wconf 90' lang='lat' dir='ltr'>sociorum</span> <span class='ocrx_word' id='word_1_142' title='bbox 1089 2117 1247 2201; x_wconf 84' lang='lat' dir='ltr'>iufringere,</span> 
     </span>
     <span class='ocr_line' id='line_1_18' title="bbox 106 2220 1246 2304; baseline -0.001 -19"><span class='ocrx_word' id='word_1_143' title='bbox 106 2220 254 2285; x_wconf 90' lang='lat' dir='ltr'>demoliri</span> <span class='ocrx_word' id='word_1_144' title='bbox 278 2227 336 2286; x_wconf 90' lang='lat' dir='ltr'>aut</span> <span class='ocrx_word' id='word_1_145' title='bbox 360 2222 548 2287; x_wconf 89' lang='lat' dir='ltr'>subvertere</span> <span class='ocrx_word' id='word_1_146' title='bbox 572 2221 753 2301; x_wconf 86' lang='lat' dir='ltr'>valuerunt,</span> <span class='ocrx_word' id='word_1_147' title='bbox 777 2221 860 2304; x_wconf 84' lang='lat' dir='ltr'>ooepi</span> <span class='ocrx_word' id='word_1_148' title='bbox 884 2221 991 2288; x_wconf 84' lang='lat' dir='ltr'>redire</span> <span class='ocrx_word' id='word_1_149' title='bbox 1014 2243 1088 2287; x_wconf 90' lang='lat' dir='ltr'>cum</span> <span class='ocrx_word' id='word_1_150' title='bbox 1113 2220 1246 2288; x_wconf 86' lang='lat' dir='ltr'>literisiu</span> 
     </span>
     <span class='ocr_line' id='line_1_19' title="bbox 105 2326 1246 2412; baseline 0 -22"><span class='ocrx_word' id='word_1_151' title='bbox 105 2327 255 2408; x_wconf 84' lang='lat' dir='ltr'>gratiam,</span> <span class='ocrx_word' id='word_1_152' title='bbox 290 2333 324 2391; x_wconf 89' lang='lat' dir='ltr'>et</span> <span class='ocrx_word' id='word_1_153' title='bbox 351 2334 518 2409; x_wconf 86' lang='lat' dir='ltr'>assumpto</span> <span class='ocrx_word' id='word_1_154' title='bbox 542 2327 697 2409; x_wconf 85' lang='lat' dir='ltr'>psalterio</span> <span class='ocrx_word' id='word_1_155' title='bbox 720 2327 855 2412; x_wconf 83' lang='lat' dir='ltr'>hymnos</span> <span class='ocrx_word' id='word_1_156' title='bbox 883 2326 1055 2406; x_wconf 88' lang='lat' dir='ltr'>modulari,</span> <span class='ocrx_word' id='word_1_157' title='bbox 1079 2333 1117 2393; x_wconf 92' lang='lat' dir='ltr'>nt</span> <span class='ocrx_word' id='word_1_158' title='bbox 1138 2333 1246 2393; x_wconf 86' lang='lat' dir='ltr'>sanctus</span> 
     </span>
     <span class='ocr_line' id='line_1_20' title="bbox 103 2431 1246 2515; baseline -0.001 -20"><span class='ocrx_word' id='word_1_159' title='bbox 103 2432 165 2495; x_wconf 89' lang='lat' dir='ltr'>iste</span> <span class='ocrx_word' id='word_1_160' title='bbox 190 2431 387 2497; x_wconf 87' lang='lat' dir='ltr'>Athanasius</span> <span class='ocrx_word' id='word_1_161' title='bbox 411 2439 523 2496; x_wconf 89' lang='lat' dir='ltr'>noster</span> <span class='ocrx_word' id='word_1_162' title='bbox 543 2433 576 2496; x_wconf 95' lang='lat' dir='ltr'>in</span> <span class='ocrx_word' id='word_1_163' title='bbox 599 2432 660 2497; x_wconf 90' lang='lat' dir='ltr'>hoc</span> <span class='ocrx_word' id='word_1_164' title='bbox 682 2432 766 2498; x_wconf 91' lang='lat' dir='ltr'>libro</span> <span class='ocrx_word' id='word_1_165' title='bbox 790 2431 962 2515; x_wconf 86' lang='lat' dir='ltr'>praecepit,</span> <span class='ocrx_word' id='word_1_166' title='bbox 986 2431 1117 2515; x_wconf 90' lang='lat' dir='ltr'>quando</span> <span class='ocrx_word' id='word_1_167' title='bbox 1140 2433 1182 2498; x_wconf 88' lang='lat' dir='ltr'>sic</span> <span class='ocrx_word' id='word_1_168' title='bbox 1201 2431 1246 2496; x_wconf 89' lang='lat' dir='ltr'>ait:</span> 
     </span>
     <span class='ocr_line' id='line_1_21' title="bbox 107 2533 1247 2621; baseline -0.001 -21"><span class='ocrx_word' id='word_1_169' title='bbox 107 2536 161 2615; x_wconf 81' lang='lat' dir='ltr'>,Si</span> <span class='ocrx_word' id='word_1_170' title='bbox 184 2536 382 2620; x_wconf 87' lang='lat' dir='ltr'>exprobrent</span> <span class='ocrx_word' id='word_1_171' title='bbox 404 2536 523 2600; x_wconf 88' lang='lat' dir='ltr'>inimici</span> <span class='ocrx_word' id='word_1_172' title='bbox 541 2537 596 2621; x_wconf 91' lang='lat' dir='ltr'>qui</span> <span class='ocrx_word' id='word_1_173' title='bbox 619 2537 779 2603; x_wconf 87' lang='lat' dir='ltr'>tribulant</span> <span class='ocrx_word' id='word_1_174' title='bbox 801 2544 834 2601; x_wconf 89' lang='lat' dir='ltr'>te</span> <span class='ocrx_word' id='word_1_175' title='bbox 859 2542 892 2601; x_wconf 89' lang='lat' dir='ltr'>et</span> <span class='ocrx_word' id='word_1_176' title='bbox 908 2536 1001 2620; x_wconf 87' lang='lat' dir='ltr'>nugis</span> <span class='ocrx_word' id='word_1_177' title='bbox 1017 2536 1189 2603; x_wconf 89' lang='lat' dir='ltr'>detrahant</span> <span class='ocrx_word' id='word_1_178' title='bbox 1208 2533 1247 2620; x_wconf 87' lang='lat' dir='ltr'>qui</span> 
     </span>
     <span class='ocr_line' id='line_1_22' title="bbox 104 2641 1246 2728; baseline -0.002 -23"><span class='ocrx_word' id='word_1_179' title='bbox 104 2641 180 2706; x_wconf 92' lang='lat' dir='ltr'>olim</span> <span class='ocrx_word' id='word_1_180' title='bbox 204 2642 348 2723; x_wconf 87' lang='lat' dir='ltr'>reputati</span> <span class='ocrx_word' id='word_1_181' title='bbox 364 2647 441 2707; x_wconf 88' lang='lat' dir='ltr'>sunt</span> <span class='ocrx_word' id='word_1_182' title='bbox 464 2663 534 2707; x_wconf 88' lang='lat' dir='ltr'>esse</span> <span class='ocrx_word' id='word_1_183' title='bbox 559 2643 663 2720; x_wconf 88' lang='lat' dir='ltr'>amici,</span> <span class='ocrx_word' id='word_1_184' title='bbox 688 2650 721 2708; x_wconf 90' lang='lat' dir='ltr'>et</span> <span class='ocrx_word' id='word_1_185' title='bbox 736 2649 771 2707; x_wconf 89' lang='lat' dir='ltr'>tu</span> <span class='ocrx_word' id='word_1_186' title='bbox 795 2641 934 2706; x_wconf 89' lang='lat' dir='ltr'>tristicia</span> <span class='ocrx_word' id='word_1_187' title='bbox 949 2643 1110 2708; x_wconf 81' lang='lat' dir='ltr'>movearis</span> <span class='ocrx_word' id='word_1_188' title='bbox 1125 2642 1246 2728; x_wconf 87' lang='lat' dir='ltr'>aliquan·</span> 
     </span>
     <span class='ocr_line' id='line_1_23' title="bbox 103 2744 1246 2834; baseline 0 -24"><span class='ocrx_word' id='word_1_189' title='bbox 103 2744 207 2810; x_wconf 91' lang='lat' dir='ltr'>tulum</span> <span class='ocrx_word' id='word_1_190' title='bbox 238 2747 271 2809; x_wconf 92' lang='lat' dir='ltr'>in</span> <span class='ocrx_word' id='word_1_191' title='bbox 295 2747 527 2812; x_wconf 88' lang='lat' dir='ltr'>exercitatione</span> <span class='ocrx_word' id='word_1_192' title='bbox 552 2754 618 2825; x_wconf 88' lang='lat' dir='ltr'>tua,</span> <span class='ocrx_word' id='word_1_193' title='bbox 642 2754 736 2832; x_wconf 88' lang='lat' dir='ltr'>potes</span> <span class='ocrx_word' id='word_1_194' title='bbox 759 2747 1012 2813; x_wconf 88' lang='lat' dir='ltr'>consolationem</span> <span class='ocrx_word' id='word_1_195' title='bbox 1036 2748 1178 2834; x_wconf 88' lang='lat' dir='ltr'>recipere</span> <span class='ocrx_word' id='word_1_196' title='bbox 1197 2746 1246 2812; x_wconf 85' lang='lat' dir='ltr'>lou·</span> 
     </span>
     <span class='ocr_line' id='line_1_24' title="bbox 105 2849 1013 2937; baseline 0.003 -23"><span class='ocrx_word' id='word_1_197' title='bbox 105 2849 212 2915; x_wconf 87' lang='lat' dir='ltr'>dando</span> <span class='ocrx_word' id='word_1_198' title='bbox 235 2851 331 2916; x_wconf 90' lang='lat' dir='ltr'>deum</span> <span class='ocrx_word' id='word_1_199' title='bbox 355 2858 389 2917; x_wconf 89' lang='lat' dir='ltr'>et</span> <span class='ocrx_word' id='word_1_200' title='bbox 406 2850 542 2919; x_wconf 90' lang='lat' dir='ltr'>dicendo</span> <span class='ocrx_word' id='word_1_201' title='bbox 565 2853 725 2937; x_wconf 90' lang='lat' dir='ltr'>psalmum</span> <span class='ocrx_word' id='word_1_202' title='bbox 750 2853 782 2916; x_wconf 91' lang='lat' dir='ltr'>iu</span> <span class='ocrx_word' id='word_1_203' title='bbox 806 2853 918 2918; x_wconf 88' lang='lat' dir='ltr'>ordine</span> <span class='ocrx_word' id='word_1_204' title='bbox 943 2852 1013 2917; x_wconf 80' lang='lat'>54.“</span> 
     </span>
    </p>

    <p class='ocr_par' dir='ltr' id='par_1_5' title="bbox 101 2955 1246 3358">
     <span class='ocr_line' id='line_1_25' title="bbox 191 2955 1246 3044; baseline 0.004 -25"><span class='ocrx_word' id='word_1_205' title='bbox 191 2956 282 3020; x_wconf 90' lang='lat' dir='ltr'>Auch</span> <span class='ocrx_word' id='word_1_206' title='bbox 305 2957 503 3023; x_wconf 85' lang='lat' dir='ltr'>Athanasius</span> <span class='ocrx_word' id='word_1_207' title='bbox 533 2958 617 3024; x_wconf 84' lang='lat' dir='ltr'>habe</span> <span class='ocrx_word' id='word_1_208' title='bbox 650 2958 877 3042; x_wconf 81' lang='lat' dir='ltr'>verfolguugen</span> <span class='ocrx_word' id='word_1_209' title='bbox 906 2981 945 3024; x_wconf 86' lang='lat' dir='ltr'>zu</span> <span class='ocrx_word' id='word_1_210' title='bbox 976 2956 1120 3025; x_wconf 89' lang='lat' dir='ltr'>erleiden</span> <span class='ocrx_word' id='word_1_211' title='bbox 1143 2955 1246 3044; x_wconf 77' lang='lat' dir='ltr'>gehabt</span> 
     </span>
     <span class='ocr_line' id='line_1_26' title="bbox 104 3059 1246 3147; baseline 0.002 -23"><span class='ocrx_word' id='word_1_212' title='bbox 104 3059 152 3124; x_wconf 88' lang='lat' dir='ltr'>sei</span> <span class='ocrx_word' id='word_1_213' title='bbox 175 3059 255 3123; x_wconf 90' lang='lat' dir='ltr'>aber</span> <span class='ocrx_word' id='word_1_214' title='bbox 278 3060 364 3124; x_wconf 85' lang='lat' dir='ltr'>daun</span> <span class='ocrx_word' id='word_1_215' title='bbox 379 3069 522 3145; x_wconf 91' lang='lat' dir='ltr'>gerettet</span> <span class='ocrx_word' id='word_1_216' title='bbox 545 3064 693 3143; x_wconf 90' lang='lat' dir='ltr'>worden;</span> <span class='ocrx_word' id='word_1_217' title='bbox 717 3067 809 3147; x_wconf 84' lang='lat' dir='ltr'>mdge</span> <span class='ocrx_word' id='word_1_218' title='bbox 833 3083 869 3128; x_wconf 90' lang='lat' dir='ltr'>so</span> <span class='ocrx_word' id='word_1_219' title='bbox 885 3063 969 3128; x_wconf 83' lang='lat' dir='ltr'>auch</span> <span class='ocrx_word' id='word_1_220' title='bbox 990 3063 1067 3145; x_wconf 90' lang='lat' dir='ltr'>ihm,</span> <span class='ocrx_word' id='word_1_221' title='bbox 1091 3064 1246 3132; x_wconf 81' lang='lat' dir='ltr'>uachrier·</span> 
     </span>
     <span class='ocr_line' id='line_1_27' title="bbox 101 3164 1244 3254; baseline 0.001 -27"><span class='ocrx_word' id='word_1_222' title='bbox 101 3164 257 3249; x_wconf 67' lang='lat' dir='ltr'>jabrigem</span> <span class='ocrx_word' id='word_1_223' title='bbox 281 3164 397 3246; x_wconf 88' lang='lat' dir='ltr'>leideu,</span> <span class='ocrx_word' id='word_1_224' title='bbox 421 3168 473 3232; x_wconf 87' lang='lat' dir='ltr'>die</span> <span class='ocrx_word' id='word_1_225' title='bbox 497 3190 536 3232; x_wconf 83' lang='lat' dir='ltr'>an</span> <span class='ocrx_word' id='word_1_226' title='bbox 559 3168 884 3234; x_wconf 82' lang='lat' dir='ltr'>wissenschaltlicher</span> <span class='ocrx_word' id='word_1_227' title='bbox 911 3167 1020 3233; x_wconf 90' lang='lat' dir='ltr'>arbeit</span> <span class='ocrx_word' id='word_1_228' title='bbox 1034 3169 1164 3254; x_wconf 82' lang='lat' dir='ltr'>ndthige</span> <span class='ocrx_word' id='word_1_229' title='bbox 1185 3165 1244 3234; x_wconf 86' lang='lat' dir='ltr'>ruho</span> 
     </span>
     <span class='ocr_line' id='line_1_28' title="bbox 102 3269 1189 3358; baseline 0.006 -26"><span class='ocrx_word' id='word_1_230' title='bbox 102 3269 266 3335; x_wconf 87' lang='lat' dir='ltr'>verlieheu</span> <span class='ocrx_word' id='word_1_231' title='bbox 291 3271 428 3337; x_wconf 85' lang='lat' dir='ltr'>werden.</span> <span class='ocrx_word' id='word_1_232' title='bbox 475 3273 679 3357; x_wconf 86' lang='lat' dir='ltr'>Stutgardiae,</span> <span class='ocrx_word' id='word_1_233' title='bbox 703 3273 788 3358; x_wconf 92' lang='lat' dir='ltr'>prid.</span> <span class='ocrx_word' id='word_1_234' title='bbox 811 3274 857 3342; x_wconf 90' lang='lat' dir='ltr'>ld.</span> <span class='ocrx_word' id='word_1_235' title='bbox 882 3271 1020 3340; x_wconf 85' lang='lat' dir='ltr'>Sextiles</span> <span class='ocrx_word' id='word_1_236' title='bbox 1043 3295 1073 3340; x_wconf 84' lang='lat' dir='ltr'>a.</span> <span class='ocrx_word' id='word_1_237' title='bbox 1100 3279 1189 3341; x_wconf 90' lang='grc'><strong>1515.</strong></span> 
     </span>
    </p>

    <p class='ocr_par' dir='ltr' id='par_1_6' title="bbox 106 3378 1244 3566">
     <span class='ocr_line' id='line_1_29' title="bbox 191 3378 1244 3460; baseline 0.004 -22"><span class='ocrx_word' id='word_1_238' title='bbox 191 3379 352 3440; x_wconf 87' lang='lat' dir='ltr'>Gedruckt:</span> <span class='ocrx_word' id='word_1_239' title='bbox 367 3382 590 3442; x_wconf 80' lang='lat' dir='ltr'>:Athanasius</span> <span class='ocrx_word' id='word_1_240' title='bbox 605 3384 634 3441; x_wconf 91' lang='lat' dir='ltr'>in</span> <span class='ocrx_word' id='word_1_241' title='bbox 650 3383 755 3443; x_wconf 91' lang='lat' dir='ltr'>librum</span> <span class='ocrx_word' id='word_1_242' title='bbox 769 3386 948 3458; x_wconf 84' lang='lat' dir='ltr'>psahuorum</span> <span class='ocrx_word' id='word_1_243' title='bbox 968 3385 1052 3444; x_wconf 86' lang='grc'><strong>1515</strong></span> <span class='ocrx_word' id='word_1_244' title='bbox 1069 3387 1141 3460; x_wconf 84' lang='lat' dir='ltr'>(vgl.</span> <span class='ocrx_word' id='word_1_245' title='bbox 1156 3378 1244 3445; x_wconf 81' lang='lat' dir='ltr'>Reueh-</span> 
     </span>
     <span class='ocr_line' id='line_1_30' title="bbox 106 3485 890 3566; baseline 0.006 -22"><span class='ocrx_word' id='word_1_246' title='bbox 106 3485 147 3544; x_wconf 86' lang='lat' dir='ltr'>h‘n</span> <span class='ocrx_word' id='word_1_247' title='bbox 162 3501 186 3544; x_wconf 87' lang='grc'>1.</span> <span class='ocrx_word' id='word_1_248' title='bbox 205 3488 257 3560; x_wconf 86' lang='grc'>97,</span> <span class='ocrx_word' id='word_1_249' title='bbox 280 3503 305 3545; x_wconf 88' lang='lat' dir='ltr'>z.</span> <span class='ocrx_word' id='word_1_250' title='bbox 321 3486 362 3545; x_wconf 92' lang='lat' dir='ltr'>th.</span> <span class='ocrx_word' id='word_1_251' title='bbox 380 3485 426 3546; x_wconf 83' lang='lat' dir='ltr'>bei</span> <span class='ocrx_word' id='word_1_252' title='bbox 442 3487 573 3562; x_wconf 83' lang='lat' dir='ltr'>Bbcking</span> <span class='ocrx_word' id='word_1_253' title='bbox 588 3488 681 3562; x_wconf 88' lang='lat' dir='ltr'>suppl.</span> <span class='ocrx_word' id='word_1_254' title='bbox 698 3488 721 3563; x_wconf 98' lang='lat' dir='ltr'>l,</span> <span class='ocrx_word' id='word_1_255' title='bbox 748 3492 809 3549; x_wconf 88' lang='lat'>179</span> <span class='ocrx_word' id='word_1_256' title='bbox 826 3488 890 3566; x_wconf 79' lang='lat' dir='ltr'>fg).</span> 
     </span>
    </p>
   </div>
   <div class='ocr_carea' id='block_1_4' title="bbox 173 3670 1222 3831">
    <p class='ocr_par' dir='ltr' id='par_1_7' title="bbox 173 3670 1222 3831">
     <span class='ocr_line' id='line_1_31' title="bbox 173 3670 1222 3831; baseline 0.006 -28"><span class='ocrx_word' id='word_1_257' title='bbox 173 3754 247 3804; x_wconf 77' lang='lat' dir='ltr'>nom.</span> <span class='ocrx_word' id='word_1_258' title='bbox 618 3670 754 3739; x_wconf 51' lang='grc' dir='ltr'>σθω</span> <span class='ocrx_word' id='word_1_259' title='bbox 1010 3763 1044 3812; x_wconf 77' lang='lat' dir='ltr'>aa</span> <span class='ocrx_word' id='word_1_260' title='bbox 1064 3763 1135 3831; x_wconf 74' lang='lat' dir='ltr'>sug.</span> <span class='ocrx_word' id='word_1_261' title='bbox 1159 3762 1222 3814; x_wconf 77' lang='lat' dir='ltr'>nrt.</span> 
     </span>
    </p>
   </div>
   <div class='ocr_carea' id='block_1_5' title="bbox 326 3827 1047 3929">
    <p class='ocr_par' dir='ltr' id='par_1_8' title="bbox 326 3827 1047 3929">
     <span class='ocr_line' id='line_1_32' title="bbox 326 3827 1047 3929; baseline 0.008 -28"><span class='ocrx_word' id='word_1_262' title='bbox 326 3828 489 3926; x_wconf 87' lang='lat' dir='ltr'>Potrejus</span> <span class='ocrx_word' id='word_1_263' title='bbox 507 3827 776 3929; x_wconf 88' lang='lat' dir='ltr'>Aprobacchus</span> <span class='ocrx_word' id='word_1_264' title='bbox 795 3859 845 3906; x_wconf 88' lang='lat' dir='ltr'>an</span> <span class='ocrx_word' id='word_1_265' title='bbox 863 3833 1047 3908; x_wconf 88' lang='lat' dir='ltr'>Reuohlin</span> 
     </span>
    </p>
   </div>
   <div class='ocr_carea' id='block_1_6' title="bbox 97 3947 1245 4120">
    <p class='ocr_par' dir='ltr' id='par_1_9' title="bbox 97 3947 1245 4120">
     <span class='ocr_line' id='line_1_33' title="bbox 97 3947 1245 4044; baseline 0.003 -33"><span class='ocrx_word' id='word_1_266' title='bbox 97 3947 155 4012; x_wconf 90' lang='lat' dir='ltr'>bat</span> <span class='ocrx_word' id='word_1_267' title='bbox 200 3948 262 4013; x_wconf 92' lang='lat' dir='ltr'>deu</span> <span class='ocrx_word' id='word_1_268' title='bbox 297 3951 416 4034; x_wconf 86' lang='lat' dir='ltr'>anfang</span> <span class='ocrx_word' id='word_1_269' title='bbox 450 3951 507 4016; x_wconf 90' lang='lat' dir='ltr'>des</span> <span class='ocrx_word' id='word_1_270' title='bbox 539 3953 772 4036; x_wconf 86' lang='lat' dir='ltr'>galatiuischcn</span> <span class='ocrx_word' id='word_1_271' title='bbox 806 3955 948 4020; x_wconf 88' lang='lat' dir='ltr'>divinum</span> <span class='ocrx_word' id='word_1_272' title='bbox 976 3956 1090 4039; x_wconf 79' lang='lat' dir='ltr'>opus³</span> <span class='ocrx_word' id='word_1_273' title='bbox 1120 3953 1245 4044; x_wconf 82' lang='lat' dir='ltr'>gescbeu.</span> 
     </span>
     <span class='ocr_line' id='line_1_34' title="bbox 680 4083 697 4120; baseline 0 0"><span class='ocrx_word' id='word_1_274' title='bbox 680 4083 697 4120; x_wconf 70' lang='lat' dir='ltr'>’l‘</span> 
     </span>
    </p>
   </div>
   <div class='ocr_carea' id='block_1_7' title="bbox 90 4169 1246 4497">
    <p class='ocr_par' dir='ltr' id='par_1_10' title="bbox 90 4169 1246 4497">
     <span class='ocr_line' id='line_1_35' title="bbox 172 4169 1245 4238; baseline 0.004 -20"><span class='ocrx_word' id='word_1_275' title='bbox 172 4174 180 4218; x_wconf 93' lang='grc'>1</span> <span class='ocrx_word' id='word_1_276' title='bbox 198 4170 223 4218; x_wconf 78' lang='lat' dir='ltr'>S.</span> <span class='ocrx_word' id='word_1_277' title='bbox 237 4184 261 4218; x_wconf 91' lang='grc' dir='ltr'>ο.</span> <span class='ocrx_word' id='word_1_278' title='bbox 276 4172 289 4217; x_wconf 86' lang='grc'><strong>7</strong></span> <span class='ocrx_word' id='word_1_279' title='bbox 304 4169 377 4217; x_wconf 77' lang='lat' dir='ltr'>murz</span> <span class='ocrx_word' id='word_1_280' title='bbox 394 4169 469 4229; x_wconf 83' lang='grc'><strong>1506,</strong></span> <span class='ocrx_word' id='word_1_281' title='bbox 483 4184 503 4218; x_wconf 85' lang='grc'>1.</span> <span class='ocrx_word' id='word_1_282' title='bbox 518 4171 559 4232; x_wconf 84' lang='grc'>92,</span> <span class='ocrx_word' id='word_1_283' title='bbox 571 4186 595 4221; x_wconf 85' lang='lat' dir='ltr'>a.</span> <span class='ocrx_word' id='word_1_284' title='bbox 609 4176 634 4222; x_wconf 82' lang='lat'>4.</span> <span class='ocrx_word' id='word_1_285' title='bbox 672 4176 686 4222; x_wconf 84' lang='lat'><strong>2</strong></span> <span class='ocrx_word' id='word_1_286' title='bbox 701 4171 779 4238; x_wconf 86' lang='lat' dir='ltr'>Folgt</span> <span class='ocrx_word' id='word_1_287' title='bbox 792 4171 839 4221; x_wconf 82' lang='lat' dir='ltr'>das</span> <span class='ocrx_word' id='word_1_288' title='bbox 850 4172 969 4238; x_wconf 84' lang='lat' dir='ltr'>Speierer</span> <span class='ocrx_word' id='word_1_289' title='bbox 979 4172 1063 4237; x_wconf 84' lang='lat' dir='ltr'>odikt,</span> <span class='ocrx_word' id='word_1_290' title='bbox 1076 4191 1099 4225; x_wconf 89' lang='grc'>1.</span> <span class='ocrx_word' id='word_1_291' title='bbox 1113 4190 1137 4225; x_wconf 92' lang='grc' dir='ltr'>ο.</span> <span class='ocrx_word' id='word_1_292' title='bbox 1151 4175 1182 4225; x_wconf 77' lang='grc'>19</span> <span class='ocrx_word' id='word_1_293' title='bbox 1191 4170 1245 4222; x_wconf 68' lang='lat' dir='ltr'>llll!</span> 
     </span>
     <span class='ocr_line' id='line_1_36' title="bbox 99 4255 1246 4329; baseline 0.005 -26"><span class='ocrx_word' id='word_1_294' title='bbox 99 4255 174 4304; x_wconf 82' lang='lat'>1514.</span> <span class='ocrx_word' id='word_1_295' title='bbox 213 4258 227 4304; x_wconf 84' lang='lat'><strong>3</strong></span> <span class='ocrx_word' id='word_1_296' title='bbox 243 4256 363 4305; x_wconf 84' lang='lat' dir='ltr'>Genreint</span> <span class='ocrx_word' id='word_1_297' title='bbox 376 4258 411 4304; x_wconf 81' lang='grc'>111</span> <span class='ocrx_word' id='word_1_298' title='bbox 420 4255 541 4305; x_wconf 82' lang='lat' dir='ltr'>Galatins</span> <span class='ocrx_word' id='word_1_299' title='bbox 554 4274 618 4323; x_wconf 81' lang='lat' dir='ltr'>opus</span> <span class='ocrx_word' id='word_1_300' title='bbox 631 4259 662 4308; x_wconf 89' lang='lat' dir='ltr'>de</span> <span class='ocrx_word' id='word_1_301' title='bbox 673 4261 776 4310; x_wconf 84' lang='lat' dir='ltr'>arcanis</span> <span class='ocrx_word' id='word_1_302' title='bbox 787 4260 1060 4312; x_wconf 77' lang='lat' dir='ltr'>catholieaveritatie.</span> <span class='ocrx_word' id='word_1_303' title='bbox 1074 4259 1206 4329; x_wconf 78' lang='lat' dir='ltr'>Apcrbaoh</span> <span class='ocrx_word' id='word_1_304' title='bbox 1214 4256 1246 4306; x_wconf 69' lang='grc'>111</span> 
     </span>
     <span class='ocr_line' id='line_1_37' title="bbox 90 4340 1244 4410; baseline 0.005 -21"><span class='ocrx_word' id='word_1_305' title='bbox 90 4340 233 4404; x_wconf 81' lang='lat' dir='ltr'>jedenfalla</span> <span class='ocrx_word' id='word_1_306' title='bbox 246 4343 291 4390; x_wconf 83' lang='lat' dir='ltr'>das</span> <span class='ocrx_word' id='word_1_307' title='bbox 312 4359 386 4393; x_wconf 85' lang='lat' dir='ltr'>mser.</span> <span class='ocrx_word' id='word_1_308' title='bbox 408 4343 453 4391; x_wconf 85' lang='lat' dir='ltr'>des</span> <span class='ocrx_word' id='word_1_309' title='bbox 468 4343 568 4392; x_wconf 79' lang='lat' dir='ltr'>werhen</span> <span class='ocrx_word' id='word_1_310' title='bbox 581 4346 704 4410; x_wconf 83' lang='lat' dir='ltr'>geschen,</span> <span class='ocrx_word' id='word_1_311' title='bbox 724 4347 791 4397; x_wconf 86' lang='lat' dir='ltr'>donn</span> <span class='ocrx_word' id='word_1_312' title='bbox 806 4347 927 4399; x_wconf 81' lang='lat' dir='ltr'>dassclbe</span> <span class='ocrx_word' id='word_1_313' title='bbox 943 4349 1031 4399; x_wconf 84' lang='lat' dir='ltr'>wurde</span> <span class='ocrx_word' id='word_1_314' title='bbox 1044 4356 1099 4401; x_wconf 83' lang='lat' dir='ltr'>crst</span> <span class='ocrx_word' id='word_1_315' title='bbox 1111 4367 1152 4401; x_wconf 81' lang='lat' dir='ltr'>um</span> <span class='ocrx_word' id='word_1_316' title='bbox 1163 4353 1179 4398; x_wconf 80' lang='lat'>4</span> <span class='ocrx_word' id='word_1_317' title='bbox 1190 4348 1244 4409; x_wconf 76' lang='lat' dir='ltr'>Sept·</span> 
     </span>
     <span class='ocr_line' id='line_1_38' title="bbox 95 4429 1245 4497; baseline 0.006 -21"><span class='ocrx_word' id='word_1_318' title='bbox 95 4429 162 4477; x_wconf 86' lang='grc'><strong>1516</strong></span> <span class='ocrx_word' id='word_1_319' title='bbox 182 4430 322 4495; x_wconf 85' lang='lat' dir='ltr'>vollendet,</span> <span class='ocrx_word' id='word_1_320' title='bbox 342 4429 391 4479; x_wconf 81' lang='lat' dir='ltr'>wic</span> <span class='ocrx_word' id='word_1_321' title='bbox 413 4441 461 4479; x_wconf 76' lang='lat' dir='ltr'>aua</span> <span class='ocrx_word' id='word_1_322' title='bbox 480 4430 552 4480; x_wconf 88' lang='lat' dir='ltr'>einer</span> <span class='ocrx_word' id='word_1_323' title='bbox 565 4434 635 4483; x_wconf 80' lang='lat' dir='ltr'>notia</span> <span class='ocrx_word' id='word_1_324' title='bbox 654 4450 695 4488; x_wconf 86' lang='lat' dir='ltr'>arn</span> <span class='ocrx_word' id='word_1_325' title='bbox 714 4434 780 4488; x_wconf 79' lang='lat' dir='ltr'>ende</span> <span class='ocrx_word' id='word_1_326' title='bbox 799 4435 845 4489; x_wconf 74' lang='lat' dir='ltr'>dos</span> <span class='ocrx_word' id='word_1_327' title='bbox 862 4434 975 4491; x_wconf 72' lang='lat' dir='ltr'>druches</span> <span class='ocrx_word' id='word_1_328' title='bbox 993 4436 1134 4497; x_wconf 69' lang='lat' dir='ltr'>desselben</span> <span class='ocrx_word' id='word_1_329' title='bbox 1156 4437 1245 4491; x_wconf 74' lang='lat' dir='ltr'>hervet·</span> 
     </span>
    </p>
   </div>
   <div class='ocr_carea' id='block_1_8' title="bbox 0 0 1362 4898">
    <p class='ocr_par' dir='ltr' id='par_1_11' title="bbox 0 0 1362 4898">
     <span class='ocr_line' id='line_1_39' title="bbox 0 0 1362 4898; baseline 0 1"><span class='ocrx_word' id='word_1_330' title='bbox 0 0 1362 4898; x_wconf 95' lang='lat' dir='ltr'> </span> 
     </span>
    </p>
   </div>
  </div>
 </body>
</html>
