2716 4898
647 310 710 376 141

90 495 216 575 doctor,
232 501 326 561 tanta
340 498 404 562 mei
420 520 497 581 erga
512 506 603 564 tuam
619 501 838 584 dignationem
854 501 974 566 amoris
991 499 1129 566 accessit
1144 500 1177 562 in
1193 499 1262 565 dies

90 601 326 681 accumulatio,
358 609 396 667 ut
423 625 485 668 non
516 605 612 669 modo
650 607 692 670 ad
725 606 992 685 conservandam,
1022 628 1134 671 verum
1164 606 1263 669 etiam

89 707 272 790 augendam
298 709 434 773 nominis
465 711 513 774 tui
545 732 583 775 ac
616 711 709 776 famae
752 712 897 789 laudem,
935 718 1092 795 qnantum
1126 709 1262 774 favendo

91 813 291 877 consulendo
322 814 467 897 juvando
501 837 633 898 possum
666 838 761 881 nemo
785 817 840 900 qui
876 817 919 880 sit
948 837 1088 900 usquam
1120 815 1264 896 gentium

90 938 193 1000 opera
216 919 411 1001 cogitatione
436 920 544 985 studio
568 943 619 987 me
643 923 773 1000 vicerit,
805 921 991 1004 ubicunque
1023 921 1062 986 de
1094 919 1263 1004 praestanti

89 1029 147 1087 tua
171 1029 206 1087 et
229 1025 357 1105 egregia
380 1025 537 1104 doctrina,
562 1025 602 1090 de
626 1028 746 1090 sanctis
773 1027 918 1091 moribus
942 1026 1006 1091 tuis
1041 1034 1075 1091 et
1103 1024 1261 1108 gravitate

91 1128 173 1206 ritae,
199 1129 239 1192 de
263 1129 494 1194 humanissima
517 1151 646 1214 quoque
671 1132 913 1196 conversatione
942 1138 1001 1195 tua
1025 1152 1130 1196 sermo
1155 1129 1261 1194 fuerit.

92 1233 247 1298 Habuisti
270 1234 355 1299 enim
378 1255 441 1299 non
465 1236 568 1300 solum
592 1237 803 1314 voluntatum,
828 1238 1074 1315 sententiarum,
1098 1236 1263 1300 actionum

90 1346 224 1404 tuarum
247 1361 332 1423 saepe
356 1363 407 1404 me
431 1342 565 1421 socium,
587 1363 698 1406 verum
723 1343 820 1424 etiam
836 1342 987 1406 comitem
1009 1348 1043 1407 et
1058 1362 1186 1424 semper
1201 1342 1263 1404 vir·

87 1451 197 1510 tutum
230 1453 360 1510 tuarum
391 1467 581 1529 praeconem.
628 1447 762 1524 Qualem
792 1455 822 1511 te
854 1448 1008 1511 vicissim.
1029 1469 1106 1529 erga
1139 1467 1190 1510 me
1213 1444 1262 1510 tui

89 1551 362 1631 amantissimum,
386 1554 559 1636 omniaque
582 1573 655 1616 mea
677 1573 736 1636 pro
760 1560 817 1617 tua
832 1552 996 1635 probitate
1013 1559 1047 1616 et
1062 1551 1262 1615 humanitate

90 1656 248 1739 singulari
276 1657 375 1723 fuisse
400 1679 461 1723 non
487 1659 586 1722 modo
618 1659 756 1742 speravi
779 1679 890 1722 verum
923 1658 1021 1722 etiam
1044 1656 1141 1740 plane
1165 1656 1260 1721 sensi.

90 1761 192 1846 Cujus
216 1763 264 1827 rei
286 1770 320 1827 et
342 1765 485 1829 virorum
509 1772 542 1829 et
564 1764 721 1846 virgiuum
744 1763 866 1827 ordinis
889 1764 938 1827 tui
962 1761 1159 1827 monasteria
1183 1766 1259 1826 sunt

88 1874 202 1933 testes.
236 1868 329 1947 ¹Cum
359 1870 458 1952 igitur
486 1870 669 1934 hortatione
700 1891 764 1933 non
793 1889 905 1952 egeas,
921 1873 974 1933 ‘nt
1004 1868 1038 1932 in
1061 1890 1111 1932 me
1135 1867 1257 1933 tuendo

90 1973 494 2059 adornandoquegratiam
516 1975 613 2040 fidem
629 1975 838 2058 laboremque
863 1973 1028 2052 adhibeas,
1051 1979 1157 2038 restat
1173 1994 1257 2038 nunc

89 2078 125 2143 id
148 2079 262 2158 solnm,
287 2086 323 2144 ut
345 2102 409 2164 qua
431 2081 464 2145 in
482 2103 516 2145 re
534 2089 592 2146 tua
616 2081 782 2164 operanti
804 2080 901 2147 velim
927 2080 971 2144 ad
993 2080 1158 2162 dignitatis
1182 2099 1261 2144 meae

90 2204 155 2248 non
180 2185 251 2249 dico
276 2186 567 2269 amplificationem,
592 2187 650 2251 sed
667 2187 845 2252 custodiam
866 2191 993 2250 tantum
1010 2192 1108 2268 atque
1125 2184 1262 2249 tutelam

92 2289 184 2355 brevi
207 2291 385 2356 ostendam.

181 2395 395 2480 Imperatoria
418 2401 572 2483 majestas
595 2419 678 2462 anno
711 2399 907 2480 praeterito¹
942 2419 1002 2480 per
1032 2397 1145 2461 literas
1173 2417 1262 2460 man·

92 2499 196 2580 davit,
226 2508 264 2565 nt
298 2503 337 2567 de
368 2504 550 2569 cremandis
578 2504 764 2569 Judaeorum
800 2503 892 2567 libris
931 2500 1009 2585 quid
1043 2501 1197 2565 sentirem
1225 2502 1260 2564 in

93 2607 225 2671 modum
251 2609 375 2673 consilii
392 2610 557 2688 referrem,
582 2616 616 2674 et
631 2611 787 2692 scriptum
804 2609 1050 2691 archiepiscopo
1073 2605 1261 2688 Moguntino

92 2733 130 2776 ea
158 2713 192 2776 in
225 2735 339 2780 caussa
362 2716 591 2795 cammissario,
616 2716 881 2791 transmitterem,
907 2713 1027 2778 Caesari
1049 2711 1259 2776 reddendum.

91 2816 251 2902 Intelligis
275 2842 314 2884 ex
337 2821 398 2886 hoc
420 2845 471 2888 me
495 2843 558 2886 nou
574 2827 705 2900 temere,
730 2820 788 2886 scd
804 2819 998 2884 necessitate
1022 2818 1154 2882 ductum
1169 2817 1260 2882 istud

93 2924 201 2988 oneris
232 2925 369 2991 subiisse
388 2928 408 2991 ².
454 2927 610 3010 Intelligis
634 2928 802 2992 consilium
831 2946 895 2989 non
918 2924 1017 2989 fuisse
1046 2923 1260 3007 prodendum,

94 3029 150 3094 sed
178 3029 298 3095 Caesari
328 3031 468 3098 fideliter
499 3033 794 3119 transmittendum.
842 3031 926 3096 Audi
958 3029 1129 3114 reliquum.
1185 3028 1261 3094 Feci

93 3135 181 3217 quod
209 3137 311 3218 potui.
359 3137 438 3203 Gurn
469 3140 553 3203 enim
586 3138 626 3203 de
660 3161 697 3204 eo
727 3139 859 3221 negocio
882 3137 1077 3219 Imperator,
1106 3135 1140 3198 in
1169 3136 1261 3219 cujus

91 3246 225 3324 pectore
257 3241 408 3308 dicuntur
438 3245 545 3309 omnia
576 3267 647 3310 esse
670 3246 747 3328 jura
777 3243 960 3320 recondita,
991 3241 1060 3324 ipse
1084 3239 1260 3320 dubitaret,

91 3368 221 3430 cunque
244 3346 365 3411 nullam
388 3369 446 3432 ego
470 3350 582 3432 legem,
606 3350 731 3414 nullum
754 3369 917 3426 canonem,
941 3346 1066 3411 nullum
1081 3345 1257 3424 decretum,

91 3452 215 3518 nullam
240 3452 540 3519 determinationem
565 3455 757 3520 universalis
785 3454 928 3519 ecclesia
957 3451 1122 3529 vidissem,
1153 3471 1259 3534 neque

91 3559 236 3624 riderem
269 3559 309 3623 de
340 3561 520 3626 cremandis
551 3561 738 3626 ludaeorum
770 3558 862 3624 libris
895 3555 1041 3640 specifice
1065 3555 1179 3634 latam,
1205 3576 1260 3620 eas

91 3665 207 3731 ambas
237 3665 279 3730 ob
311 3687 425 3732 causas
451 3668 541 3750 juste
564 3668 642 3731 mihi
666 3667 769 3730 visum
796 3671 861 3743 est,
884 3663 1055 3728 materiam
1079 3662 1162 3725 hanc
1186 3682 1257 3726 esse

91 3771 124 3836 in
143 3772 220 3855 jure
244 3771 469 3850 dubitabilem,
493 3772 551 3836 ubi
577 3793 640 3836 non
664 3770 800 3836 scientia
823 3770 880 3835 sed
903 3769 1019 3852 opinio,
1044 3790 1107 3833 non
1130 3768 1261 3832 demon·

90 3877 208 3942 stratio
232 3877 290 3941 sed
312 3877 489 3960 persuasio,
513 3898 576 3942 uon
599 3875 782 3959 philosophi
806 3875 864 3940 sed
887 3874 1029 3939 oratoris
1060 3894 1175 3938 munus
1207 3893 1258 3937 re·

91 3982 287 4067 quireretnr.

181 4088 275 4153 Unde
303 4088 494 4172 propensior
520 4107 579 4172 ego
609 4089 642 4152 in
671 4093 797 4172 partem
826 4086 1045 4170 benigniorem
1075 4083 1188 4167 putavi
1217 4103 1257 4149 ea

90 4211 163 4281 quse
176 4215 237 4280 per
253 4193 435 4260 sanctiones
451 4214 513 4258 non
537 4200 614 4260 sunt
629 4195 671 4259 ad
686 4194 890 4258 exustionem
906 4193 1060 4257 damnata
1075 4186 1260 4254 conservari

670 4355 688 4394 a

163 4453 175 4500 l
196 4447 275 4501 Auno
293 4443 434 4518 praeterito]
456 4447 488 4497 26
507 4445 565 4500 Juli
587 4449 653 4498 1510
673 4446 741 4500 oben
760 4463 815 4500 nro.
836 4445 917 4500 CXX.
991 4443 1147 4499 tzubiisse
1170 4449 1193 4498 t.
