2716 4898
646 295 709 367 341

413 483 515 537 Facilis
535 485 677 538 descensus
698 485 824 537 Averno'

237 569 349 635 (Noctes
367 578 444 638 etque
464 573 520 624 (lies
539 583 611 641 petet
630 576 678 624 utri
695 574 777 639 janue
795 573 875 643 Ditis)

241 659 292 710 uod
312 675 436 711 revocure
456 662 566 727 gradum
586 677 746 728 superosque
766 659 877 711 credere
897 660 929 712 ml
950 677 1027 712 rum

185 801 192 814 ,
243 747 325 797 Hoo²
348 763 423 816 opus,
441 747 485 798 hic
504 750 579 800 lubor
599 757 645 800 est.

186 876 279 954 Quod
304 877 428 944 divinus
454 900 582 965 quoque
598 879 769 962 Pitagoras
792 877 820 942 Y
844 897 949 961 graeca
972 876 1069 944 litera
1093 880 1265 966 depingere

100 981 236 1063 solebat,
261 982 353 1069 cujus
381 983 537 1070 8ungula
560 986 676 1050 dextra
699 985 730 1049 in
754 983 856 1049 altum
879 983 1056 1069 porrigitur
1079 984 1162 1051 viem
1185 987 1266 1052 indi-

95 1087 221 1153 catione
246 1089 400 1154 rirtutum
430 1090 566 1156 arduam
596 1112 633 1155 ac
650 1090 805 1155 transitu
836 1086 1008 1168 difficilem,
1033 1090 1165 1157 sinistra
1188 1114 1264 1158 vero

95 1192 220 1259 itineris
254 1194 407 1261 viciorum
437 1197 536 1262 index
565 1197 682 1281 supina
714 1199 821 1261 estet
849 1193 970 1260 reflexa
998 1195 1165 1264 insinuans
1193 1217 1265 1282 pro·

95 1319 168 1363 nam
192 1300 234 1365 ad
258 1299 344 1365 mela
368 1300 512 1367 facinora
537 1301 782 1386 proclivitatem.

181 1403 282 1490 Cujus
306 1405 435 1489 quidem
467 1406 604 1492 pictnrae
629 1406 825 1491 pytagoricae
850 1406 979 1473 Persius
1002 1428 1131 1496 quoque
1154 1409 1265 1474 memi-

91 1509 139 1575 nit
162 1509 195 1575 in
220 1515 331 1594 satyra
344 1511 366 1576 ⁴.

301 1656 335 1708 Et
353 1657 403 1708 tihi
422 1673 481 1725 quse
502 1659 604 1711 Samios
625 1657 726 1710 diducit
744 1657 833 1709 littere
851 1672 938 1709 remor

299 1745 453 1813 Surgentem
474 1745 566 1797 dextro
584 1748 741 1798 monstravit
761 1745 845 1796 limite
862 1744 954 1796 collem

179 1872 351 1940 Terentius
374 1875 453 1941 item
477 1875 556 1942 hier

178 1977 344 2062 Ingenium
381 1981 523 2048 omnium
557 1980 722 2048 homiuum
753 1979 895 2066 proclive
929 1987 979 2047 est
1011 1981 1055 2048 ad
1087 1981 1262 2065 libidinem,

91 2082 153 2148 hoo
178 2091 230 2150 est
252 2083 296 2150 ad
318 2086 400 2152 vicia
424 2087 557 2155 seilicet.

182 2189 275 2268 Quod
309 2213 383 2257 cum
413 2192 461 2259 ita
492 2194 543 2273 sit,
574 2193 635 2258 viri
664 2191 877 2272 celeberrimi,
901 2193 1048 2277 paranda
1071 2202 1147 2260 sunt
1169 2194 1263 2266 nobis

89 2295 281 2380 adjumenta
304 2303 403 2383 atque
426 2297 557 2377 auxilia,
581 2319 718 2383 quorum
742 2319 802 2382 ope
826 2297 910 2363 hanc
933 2297 1098 2364 valeamus
1120 2299 1264 2388 arduitas·

88 2407 156 2467 tem
170 2422 336 2486 superare.
363 2402 401 2469 Id
417 2424 492 2469 vero
508 2425 581 2470 cum
597 2410 751 2488 putarent
766 2403 810 2468 hii
823 2401 1094 2469 baccalaureandi
1109 2401 1180 2469 fieri
1200 2426 1263 2472 non

89 2528 188 2591 posse
211 2508 273 2573 nisi
295 2510 356 2592 per'
378 2508 626 2594 philosophiam,
649 2510 692 2574 ad
716 2530 786 2575 eam
803 2507 1051 2592 perdiscendam
1066 2509 1193 2575 caeteris
1216 2530 1264 2576 re·

88 2612 175 2679 lictis
200 2633 358 2678 summum
387 2613 529 2680 studium
561 2615 743 2695 contulere,
773 2620 810 2679 ut
839 2614 873 2679 in
897 2634 1008 2679 eorum
1032 2633 1168 2680 numero
1191 2636 1263 2700 pos-

89 2720 156 2785 sint
177 2718 273 2785 facile
297 2721 479 2804 computari
496 2722 551 2805 qui
574 2728 709 2806 propter
725 2720 867 2786 studium
892 2718 1059 2805 sapientiae
1084 2719 1171 2805 quod
1194 2720 1264 2804 phi·

89 2823 271 2908 loeophiam
294 2824 431 2891 dicimus
456 2832 489 2892 et
511 2833 666 2911 cognatos
690 2833 723 2891 et
745 2826 891 2892 concives
908 2831 942 2891 et
956 2825 1186 2909 possessiones,
1210 2825 1264 2892 de-

89 2930 188 3016 nique
212 2936 367 3014 parentes
391 2938 424 2997 et
447 2933 588 3017 patriam
611 2932 841 3017 relinquentes,
865 2930 993 2997 diversa
1017 2931 1193 3012 territoria,
1217 2931 1263 2998 di·

91 3057 203 3103 versos
226 3037 372 3122 populos,
399 3037 527 3104 diversa
556 3038 661 3104 maria
691 3038 890 3123 peregrinati
923 3044 997 3104 sunt
1020 3059 1059 3105 ac
1083 3038 1264 3105 transivere

91 3141 193 3207 veluti
211 3142 378 3208 Platonem
401 3145 564 3210 memoriae
588 3144 744 3210 traditum
770 3153 829 3223 est,
853 3145 909 3229 qui
933 3153 969 3211 ut
993 3146 1098 3210 varios
1122 3145 1262 3224 audiret,

92 3247 200 3314 varias
237 3248 335 3313 etiam
368 3249 516 3332 regiones
549 3257 582 3316 et
613 3251 752 3316 accessit
784 3257 817 3316 ct
839 3250 1024 3317 illustravit.
1071 3248 1204 3313 Audiuit
1231 3249 1264 3313 in

92 3353 203 3419 Sicilia
219 3355 408 3440 Dyonisium
423 3358 678 3439 grammaticum,
697 3357 793 3421 Samo
810 3356 1012 3437 Pittagorum
1030 3353 1176 3436 logicum,
1200 3351 1265 3422 lte-

92 3456 136 3525 lia
156 3460 381 3526 Parmenidem
407 3461 613 3541 rhetoricum,
638 3460 772 3545 Cyrenis
794 3458 999 3525 Theodorum
1024 3458 1265 3541 geometricum,

93 3566 211 3651 Egipto
248 3566 451 3647 sacerdotes,
494 3566 690 3650 astrologos,
727 3584 800 3630 cum
838 3564 964 3648 pridem
999 3563 1087 3629 intra
1124 3563 1266 3648 patriam

97 3671 280 3738 Athenas⁵
313 3679 347 3738 et
378 3673 535 3739 Heracliti
570 3672 727 3758 phisicam
761 3677 794 3736 et
818 3670 960 3736 Socratis
989 3669 1131 3735 ethicam
1159 3669 1266 3753 perdi·

95 3777 237 3857 dicisset,
265 3779 383 3844 iterum
416 3779 459 3844 ad
491 3779 619 3845 ltaliam
651 3800 801 3844 reversus
834 3777 1018 3860 pitagoreos
1054 3775 1266 3841 Ferentinum

94 3890 127 3948 et
151 3883 311 3949 seniorem
336 3890 370 3949 et
394 3884 551 3950 Atthitam
576 3892 721 3951 sectatus
745 3891 804 3949 est.
830 3882 913 3962 Quid
930 3881 1157 3967 Appollonium
1182 3902 1268 3946 com·

94 4010 239 4054 memoro
264 3991 330 4055 sive
354 3990 443 4055 illum
480 4012 630 4076 magnum
659 3997 696 4056 ut
731 3988 844 4074 vulgus
868 3989 1013 4074 loquitur
1036 3987 1102 4053 sive
1127 3986 1266 4071 pbiloso-

666 4125 684 4164 tlt

170 4232 180 4275 1
202 4225 261 4292 Vgl.
283 4227 348 4276 Aen.
370 4227 411 4289 Vl,
431 4242 454 4275 v.
482 4229 528 4277 tao
550 4228 591 4294 bis
612 4231 669 4280 129.
707 4227 751 4279 lah
773 4227 840 4280 habe
868 4226 916 4278 deu
943 4233 1001 4277 text
1028 4224 1097 4277 noch
1123 4224 1169 4276 der
1193 4222 1268 4275 teub-

91 4312 232 4364 nerisclren
253 4315 379 4380 renegabo,
400 4331 452 4366 ron
466 4315 569 4368 Ribbek
589 4317 723 4385 gegeben3
747 4332 825 4370 mser.
842 4315 888 4366 bnt
907 4314 983 4380 cujus
1003 4313 1138 4366 discessus
1151 4312 1270 4364 avenni.

96 4401 215 4464 2Mscr.=
236 4401 288 4454 hic.
345 4402 533 4470 divinatum,
592 4407 671 4469 tuis
686 4420 761 4467 verse
779 4403 837 4464 roth
852 4401 1054 4461 unterstrichen,
1109 4402 1173 4461 seo
1193 4415 1269 4456 mser.
