2716 4898
643 287 709 354 124

93 475 179 543 liora
210 482 345 560 propter
373 474 477 540 deum.
529 475 710 560 Impendite
746 475 796 541 illi
827 474 1089 543 misericordiam
1123 480 1256 543 restrum

92 582 217 649 scilieet
257 581 458 667 iinprffirm
487 582 543 651 τὴν
577 582 790 671 operiemur,
831 603 905 646 cum
939 581 1088 667 alioquin
1123 578 1166 646 de
1189 583 1255 665 jure

94 686 271 755 teneamini
292 686 337 751 ad
359 685 626 770 hospitalitatem,
649 686 812 752 habebitis
832 698 1084 772 praeceptorem
1105 685 1184 752 lieet
1201 708 1255 752 non

97 793 192 861 ralde
208 793 350 872 doctum,
366 800 474 857 tamen
489 792 533 857 ad
548 792 823 877 pronuntiandum
837 792 1052 859 sufficientem
1066 793 1126 877 qui
1139 798 1255 858 vestros

94 898 269 967 monachos
284 899 388 984 possit
402 899 435 963 in
458 898 643 982 primordiis
666 899 796 982 linguae
819 906 953 965 murtae
974 907 1096 984 aptare
1111 898 1255 964 formare·

95 1026 176 1095 que,
206 1014 244 1073 nt
272 1005 389 1070 saltem
418 1012 531 1071 nestra
561 1005 745 1070 rudimenta
765 1026 826 1089 per
854 1004 1026 1089 vosipsos
1047 1004 1184 1070 tandem
1210 1024 1255 1068 ra·

95 1113 192 1181 leatis
215 1112 375 1195 accipere,
399 1110 431 1175 in
453 1111 564 1196 eisquc
586 1110 675 1176 nullo
689 1116 913 1195 praeceptore,
935 1110 995 1175 sed
1007 1111 1147 1196 proprio
1160 1109 1254 1175 studio

95 1218 268 1287 exercitari
289 1215 333 1281 ad
356 1216 485 1283 landem
508 1224 542 1282 et
563 1215 699 1300 gloriam
722 1216 783 1281 Dei
805 1224 840 1281 et
862 1215 948 1300 regis
970 1218 1079 1283 nostri
1099 1230 1209 1281 serr.

186 1323 277 1401 l'ale,
302 1322 345 1387 mi
365 1321 492 1402 Cubita,
515 1343 632 1408 meque
655 1321 948 1388 observandissimo
969 1323 1052 1388 mihi
1073 1321 1189 1388 abbati
1207 1326 1252 1386 tuo

99 1428 289 1499 commenda
311 1450 385 1495 eum
408 1428 557 1494 omnihus
572 1429 636 1494 tuis
658 1427 816 1493 tratribus
838 1426 941 1494 bonas
957 1436 1051 1496 artes
1073 1426 1251 1496 amantibus

97 1537 147 1604 Ex
169 1535 337 1619 Tiibingen
361 1539 380 1600 3
405 1542 480 1619 post
501 1534 618 1600 Jndiea
640 1555 725 1599 anno
751 1538 835 1598 1510
853 1535 874 1600 ¹.

186 1646 260 1707 htsc.
279 1644 423 1720 Ellenbog
440 1645 489 1705 lib.
506 1645 530 1722 l7
545 1661 592 1720 ep.
609 1647 662 1704 76.
679 1643 729 1703 tol.
748 1639 808 1702 tob
823 1659 865 1716 sq.

623 1826 734 1894 cxvi.
1294 1784 1297 1907 l

171 1917 338 1984 Strssshnrg.
1005 1918 1037 1964 14
1057 1914 1135 1982 April
1156 1915 1222 1964 1511.

231 2022 367 2097 Beatus
393 2022 594 2098 Rhenanus
622 2022 854 2097 Selistatinus
880 2048 930 2095 an
956 2019 1143 2096 Reuchlin

99 2169 225 2239 seluckt
248 2172 308 2237 mit
336 2169 424 2236 danlr
453 2170 505 2236 die
533 2170 721 2255 gelichenen
750 2170 907 2236 schriiten
929 2168 1033 2235 Cusas
1056 2166 1177 2235 zmiiclr
1196 2161 1246 2232 und

97 2277 197 2344 hittet
219 2299 273 2345 um
296 2276 493 2362 aussdiirung
516 2277 598 2343 iiber
621 2278 674 2342 ein
696 2276 903 2341 itinerarium
925 2275 1093 2340 Antonini.
1139 2275 1186 2339 Ex
1202 2273 1247 2338 tr·
1295 2254 1297 2303 ἶ

98 2389 269 2469 gentorato
297 2390 336 2449 14
360 2405 430 2469 apr.
453 2384 518 2463 die,
540 2404 570 2449 a.
598 2388 693 2448 1510.

188 2493 352 2555 Gedruclit:
379 2500 393 2554 l
413 2515 455 2548 =
472 2493 503 2553 G.
520 2511 547 2552 s.
568 2510 594 2553 e.
611 2511 630 2568 g
647 2488 717 2565 5³¹2
744 2496 823 2551 2:
837 2492 866 2551 J.
888 2508 916 2551 r.
933 2508 960 2551 e.
981 2493 992 2550 i
1009 2487 1063 2563 3¹³3
1088 2493 1106 2551 3
1131 2510 1172 2544 τ.-
1187 2487 1246 2548 (1.1.

100 2596 370 2675 essfflefflm

615 2725 744 2791 CXVII.

170 2816 344 2871 Ottobenren.
1006 2815 1039 2862 28
1061 2810 1135 2879 April
1157 2812 1222 2861 1510.

233 2924 360 2997 Frater
386 2921 566 2999 Nicolaun
594 2919 783 3019 Ellenbog
809 2917 995 3019 Capnioni
1021 2916 1060 2993 S.
1090 2917 1127 2990 d.

191 3080 251 3129 :ste
268 3063 322 3129 hrt
336 3063 523 3150 assoles,
546 3068 775 3134 humanissime
799 3065 1073 3150 integerrimeqne
1096 3066 1155 3129 vir.
1184 3057 1251 3126 Bed-

99 3175 189 3241 ditac
204 3181 280 3239 sunt
292 3174 370 3240 mihi
388 3174 503 3241 literae
519 3182 596 3241 tuae
612 3174 824 3240 suavissimae
839 3193 899 3257 per
913 3170 1120 3256 Neophytum
1136 3169 1150 3209 ¹
1172 3186 1252 3253 quem

99 3280 243 3365 dignatio
266 3286 325 3346 tua
347 3281 389 3345 ad
415 3302 472 3347 nes
496 3281 615 3347 direxit
638 3281 745 3365 quiet
767 3300 828 3362 per
849 3297 992 3342 mensem
1015 3277 1104 3360 apud
1127 3297 1185 3341 nos
1205 3272 1254 3338 luit

99 3385 344 3469 diligentissime
367 3386 445 3452 mihi
468 3387 765 3471 pronuntiationem
788 3384 932 3449 hebraici
948 3383 1106 3449 sermonis
1127 3381 1254 3447 tradens

99 3491 214 3559 Habeo
236 3499 349 3557 autem
372 3514 431 3577 ego
455 3493 516 3558 tibi
538 3491 739 3557 immortales
762 3491 893 3572 gratias,
917 3489 1105 3555 doctissime
1127 3487 1192 3565 vir,
1213 3480 1257 3568 qui

98 3618 159 3681 pre
182 3603 241 3663 tua
265 3599 409 3664 bonitate
431 3605 464 3664 et
480 3618 657 3683 numquam
673 3595 754 3662 satis
771 3594 933 3660 laudando
950 3615 1027 3679 erga
1042 3593 1145 3659 bonas
1161 3593 1258 3658 literas

99 3700 219 3767 affeetu
249 3703 335 3768 inter
363 3704 592 3788 occupationes
621 3709 696 3768 tuas
725 3700 868 3767 infinitas
897 3702 960 3765 mci
991 3700 1081 3764 haud
1104 3701 1260 3764 immemor

99 3805 210 3887 fueris,
234 3808 291 3875 sed
315 3828 411 3893 quem
436 3809 560 3875 dudum
583 3830 796 3893 conceperam
819 3807 862 3872 ad
887 3820 1000 3878 culpa
1022 3799 1095 3879 ⁸,th
1119 3805 1261 3871 affectum

99 3913 257 3999 adjuvare
287 3914 339 3979 vel
369 3915 605 3981 studiosissime
637 3936 701 3981 non
732 3934 851 3979 cessas.
898 3913 987 3977 Deus
1017 3919 1084 3994 opt.
1116 3933 1199 3976 max.
1220 3928 1262 3974 me

100 4041 233 4107 operam
248 4020 369 4107 perdas
385 4020 485 4087 faciat
500 4042 626 4106 precor.

677 4143 696 4182 2

174 4237 185 4283 1
207 4233 290 4285 Untcr
308 4232 367 4283 dem
386 4231 457 4281 brici
472 4232 551 4295 steht,
570 4233 666 4283 sowcit
685 4233 743 4282 sich
764 4232 806 4280 die
825 4230 968 4280 schutirlrel
983 4229 1029 4280 des
1043 4231 1078 4278 im
1091 4227 1264 4294 griechischen

99 4318 153 4371 und
172 4321 345 4373 hohrlttschcn
366 4320 537 4386 nnlruudigen
551 4321 701 4370 sclrreibcrs
716 4320 851 4370 entaitlern
865 4319 966 4373 lusson:
987 4315 1018 4376 εἰς
1038 4334 1081 4386 την
1100 4334 1172 4390 pcipe
1190 4329 1264 4385 aaron,

100 4420 195 4473 *ains
212 4406 275 4472 ‘'t'ba
349 4414 363 4466 2
382 4409 520 4469 «lulianum
540 4424 561 4473 ᾳ,
580 4425 605 4460 ο.
624 4424 681 4469 nro.
701 4408 780 4465 CXV·
