2716 4898
708 267 752 329 94

142 456 228 523 hber
257 464 308 523 est
339 464 373 523 et
403 454 580 522 secundum
608 451 734 537 singula
757 455 827 540 ejus
850 455 928 521 folia
950 477 971 522 a
994 456 1132 523 dextera
1152 455 1300 542 legendus

144 578 197 628 est
228 563 271 628 ad
303 563 483 640 sinistram,
519 557 633 624 eodem
667 559 763 624 modo
794 580 1017 646 quaecumque
1048 569 1127 627 sunt
1155 562 1301 629 hebraice

142 669 283 752 sumpta,
313 688 407 734 suurn
430 686 451 729 a
481 664 617 729 dextera
643 663 685 727 ad
714 666 877 731 sinistram
907 673 1039 731 sumunt
1066 668 1248 734 tramitem:
1275 668 1303 734 in

140 772 221 857 ipsis
259 780 370 837 autem
402 771 488 837 soliis
519 786 743 853 quaecumque
778 771 881 836 latina
912 771 1118 852 scribuntur,
1149 794 1191 838 ea
1221 793 1303 837 more

141 873 318 941 latinorum
340 898 362 941 a
385 877 517 942 sinistra
539 875 692 958 leguntur
714 874 757 939 ad
780 876 957 942 dexteram.
1002 877 1093 943 Haec
1119 883 1158 942 tu
1182 876 1305 942 notabis

141 1000 239 1067 quam
263 981 525 1066 diligentissime,
560 1000 618 1045 nos
646 981 716 1064 jam
739 980 781 1045 ad
816 980 976 1046 elementa
1009 982 1166 1068 ipsasque
1198 983 1305 1047 literas

142 1087 316 1172 pergimus.

516 1215 639 1284 [Vorredc
659 1231 715 1266 uum
735 1215 830 1267 dritten
849 1215 938 1283 bucb]

233 1332 315 1395 dcta
331 1350 414 1414 quae
430 1335 506 1394 sunt
521 1329 687 1412 hucusque
705 1328 744 1392 de
761 1327 873 1409 literis,
890 1328 1033 1413 syllabis,
1057 1336 1092 1395 et
1114 1329 1307 1396 dictionibus

142 1434 315 1501 Hebraicis
337 1436 475 1500 maxime
498 1435 679 1518 primitivis,
702 1434 812 1499 vidisti
836 1435 1057 1500 amantissime
1081 1435 1217 1501 frater¹
1242 1437 1306 1517 tibi,

142 1548 181 1607 ut
195 1562 300 1626 spero,
316 1541 434 1620 dulcia,
451 1540 509 1606 sed
525 1541 596 1605 aliis
613 1540 750 1606 forsitan
765 1540 860 1606 melle
877 1545 911 1606 et
924 1541 1009 1605 lacte
1026 1542 1159 1607 nutritis
1177 1549 1308 1627 propter

142 1648 299 1714 incultum
321 1647 449 1712 dicendi
472 1668 572 1731 genus
595 1667 718 1726 amara,
742 1646 797 1731 qui
820 1667 927 1711 secum
954 1647 981 1713 si
1004 1648 1158 1730 cogitent,
1184 1669 1307 1714 omnem

143 1753 349 1820 auditoribus
384 1753 563 1818 orationem
599 1773 669 1818 esse
700 1751 985 1831 commodandam,
1013 1774 1078 1818 non
1117 1753 1198 1818 mihi
1235 1754 1308 1820 vitio

144 1858 279 1938 dabunt,
303 1859 390 1943 quod
413 1859 520 1923 vernis
543 1858 714 1923 vernacule
730 1857 853 1941 loquor.
900 1857 982 1922 Nam
1006 1859 1062 1942 qui
1084 1856 1156 1924 fieri
1178 1859 1309 1943 potest?

146 1971 185 2030 nt
205 1986 264 2049 per
287 1965 448 2029 insuetum
471 1964 624 2048 loquendi
655 1984 791 2042 morem,
824 1970 857 2029 et
886 1963 973 2029 domi
1001 1969 1171 2047 paratam,
1206 1964 1308 2050 adque

145 2069 295 2136 lucernas
319 2069 521 2135 elaboratam
541 2069 724 2149 dictionem,
746 2069 844 2134 rudes
864 2069 958 2135 facile
983 2069 1171 2149 doceantur,
1196 2069 1309 2154 quibus

146 2183 217 2242 tum
234 2182 322 2241 esset
337 2197 418 2260 opus
435 2174 477 2240 ad
493 2175 702 2260 praeceptoris
720 2175 937 2259 eloquentiam
954 2175 1027 2259 plus
1042 2176 1309 2256 animadvertere,

146 2282 238 2361 quasi
261 2282 304 2347 ad
328 2282 471 2366 sphingis
495 2282 676 2365 aenigmata,
701 2302 797 2366 quam
814 2281 857 2345 ad
873 2283 942 2366 ejus
965 2282 1023 2347 illa
1042 2282 1115 2366 ipsa
1137 2288 1309 2367 praecepta

144 2387 254 2472 Longe
277 2387 399 2453 rectius
422 2409 473 2452 me
492 2387 603 2473 judice
629 2387 732 2453 sensit
755 2386 955 2468 Aristoteles,
978 2389 1012 2452 in
1036 2387 1218 2473 disciplinis
1241 2389 1310 2455 doc

144 2499 250 2561 terem
273 2500 424 2579 oportere
447 2515 507 2578 per
530 2493 778 2560 usitatissimam
802 2494 958 2559 sermonis
982 2494 1252 2561 consuetudinem
1279 2498 1310 2560 et

143 2600 238 2667 nobis
261 2601 389 2666 notiora
412 2622 547 2687 quaeque
571 2600 756 2683 procedere.
803 2599 923 2665 Dedita
944 2600 1044 2684 igitur
1066 2621 1168 2684 opera
1191 2601 1306 2668 soloeco

145 2728 243 2791 saepe
267 2715 300 2772 et
322 2707 464 2772 barbaro
488 2728 559 2772 sum
582 2729 661 2772 usus
684 2706 725 2772 ad
751 2705 964 2790 quorumdam
987 2705 1220 2772 vocabulorum
1240 2727 1309 2791 pro·

145 2815 319 2899 prietatem
344 2813 577 2898 explicandam.
618 2813 690 2878 Huc
713 2811 840 2877 accedit
863 2817 981 2892 tamen,
1005 2811 1092 2896 quod
1116 2818 1151 2877 et
1168 2818 1309 2891 senecta,

145 2924 180 2985 et
215 2917 429 2985 barbarorum
470 2919 655 3003 quotidiana
689 2918 908 2998 conversatio,
938 2939 1003 2982 uon
1035 2917 1138 2983 solum
1170 2918 1309 3002 linguam

145 3023 290 3104 hebetat,
315 3024 372 3090 sed
403 3029 436 3089 et
459 3025 560 3089 otium
584 3024 745 3102 obtundit,
774 3045 834 3108 pro
857 3023 944 3090 illius
973 3023 1135 3108 Tyndarei
1158 3024 1310 3090 adversus

146 3130 346 3210 Menelaum,
378 3131 455 3214 quin
484 3132 594 3216 potius
617 3130 780 3215 Euripidis
808 3130 924 3213 tragici
955 3129 1133 3220 sententia,
1164 3131 1221 3215 qui
1250 3131 1309 3196 ait:

146 3239 380 3328 βεβαρβαροῦσαι
407 3239 519 3328 χρόνιος
546 3239 587 3302 ὤν
615 3241 646 3301 ἐν
671 3235 826 3325 βαρβάροις
850 3237 871 3300 ².
918 3234 1012 3300 Solus
1048 3225 1124 3318 ergo
1153 3258 1250 3320 quom
1279 3235 1310 3298 in

147 3342 208 3408 hoc
230 3343 382 3427 Diogenis
413 3344 498 3410 dolio
527 3349 615 3408 totos
639 3342 709 3408 dies
733 3341 940 3419 delitescam,
974 3362 1033 3405 nec
1065 3361 1193 3406 mecum
1228 3341 1311 3406 vivat

145 3447 230 3515 ullus
253 3449 426 3530 hominum,
450 3451 501 3515 cui
524 3449 696 3514 verborum
720 3446 882 3530 elegantia
905 3452 939 3511 et
962 3447 1147 3531 eloquentia
1171 3447 1310 3513 studium

147 3555 191 3621 sit
213 3555 245 3619 in
261 3556 376 3640 pretio,
401 3555 458 3621 sed
474 3555 622 3639 agricolas
646 3559 774 3619 tantum
798 3557 831 3617 et
853 3550 1034 3632 sacrificuli,
1060 3559 1118 3617 aut
1133 3553 1160 3618 si
1185 3555 1241 3638 qui
1263 3574 1310 3618 ac·

149 3661 276 3743 cedant,
299 3668 337 3727 ut
360 3659 396 3727 fit
421 3661 576 3747 quotidie,
601 3660 656 3745 qui
685 3680 823 3725 menon
847 3658 887 3724 de
911 3658 1124 3743 murilegulis,
1152 3680 1213 3725 nec
1235 3678 1309 3725 auro

718 3794 736 3834 tlt

360 3858 382 3907 Α
402 3855 492 3906 dextro
511 3853 628 3922 graditur
647 3852 712 3922 pede
731 3854 764 3904 sd
786 3853 923 3903 sinistrum

361 3945 419 3996 Hoc
438 3959 527 3995 omnes
546 3942 623 3994 modo
643 3949 777 3993 transeunt
797 3942 943 4004 columnae,

360 4030 481 4084 Jndoeum
501 4047 603 4097 quoque
622 4037 759 4081 teutonum
778 4036 804 4080 et
822 4029 906 4082 latina

360 4124 414 4173 Nec
432 4128 459 4172 tu
477 4121 635 4189 principium
653 4127 727 4188 petas
746 4118 839 4183 libelli,

360 4210 402 4260 Ad
420 4209 520 4260 calcem
538 4223 650 4275 propera
668 4210 782 4274 benigne
802 4208 894 4267 lector,

359 4297 393 4348 Et
413 4313 501 4349 verum
519 4297 638 4347 invenies
657 4295 765 4348 modom
784 4293 898 4360 legendi.

223 4395 234 4443 1
255 4386 390 4440 amantiss.
413 4391 434 4437 l.
508 4391 522 4437 2
542 4382 746 4455 βιβαρβαροῦσαι]
765 4383 828 4435 Eur.
848 4382 933 4434 Orest.
953 4381 1014 4432 405.
