2716 4898
657 286 699 357 51

181 484 344 549 Gedruclrt:
372 495 386 548 1
408 511 449 543 =
468 488 498 550 O.
515 506 542 548 v.
560 505 584 548 e.
609 504 624 545 e
642 481 679 546 3b
700 485 756 560 fg.;
783 487 800 543 2
823 507 864 539 =
886 487 914 546 J.
931 473 1060 559 vsa‘fl,
1086 474 1109 546 3'
1123 507 1165 540 =
1182 480 1213 546 (Ι.
1231 498 1256 547 v.

88 612 115 654 e.
133 593 164 654 ΙΙ
181 593 229 654 fol.
250 591 309 654 321³
325 595 338 653 f
359 642 365 654 .
1141 583 1146 591 ’

634 765 731 834 LVII.

163 873 316 924 Franksurt.
995 872 1027 921 26
1046 868 1122 922 Febr.
1146 872 1223 923 1496.

90 993 303 1068 Bernardns
319 990 527 1068 Sohbferlin
542 992 679 1065 Doctor
695 992 721 1065 J
723 992 835 1065 oanni
849 991 1033 1065 Reuehlin
1046 990 1259 1088 Phoroensi,

91 1149 121 1216 si
151 1171 218 1235 qua
250 1149 338 1216 salus
368 1151 534 1234 usquam¹
565 1153 629 1229 est,
660 1170 733 1214 eam
764 1153 905 1231 exoptat.
950 1149 1030 1212 Rem
1059 1148 1166 1214 animo
1189 1168 1261 1219 meo

91 1277 241 1321 amaram
274 1254 496 1339 ambobusque
526 1254 642 1319 erectis
673 1253 823 1318 manibus
852 1252 933 1318 ooelo
964 1253 977 1291 ²
1005 1252 1185 1320 deflendam
1215 1255 1263 1320 in-

92 1362 221 1427 timasti
252 1360 375 1427 obitum
413 1360 564 1426 videlicet
600 1360 713 1444 optimi
745 1359 901 1443 principis
936 1359 1040 1424 nostri
1068 1359 1093 1439 ³,
1124 1361 1181 1444 qui
1209 1381 1261 1426 me

95 1467 193 1533 deum
218 1472 331 1547 testor,
356 1467 484 1550 gravius
507 1487 604 1550 quam
628 1465 705 1530 dum
729 1464 875 1531 carnales
891 1470 1044 1548 parentes
1068 1466 1175 1547 amisi,
1198 1487 1263 1531 non

85 1573 258 1658 tamajus
289 1569 359 1658 (qui
391 1594 559 1638 commune
589 1571 738 1636 omnibus
770 1570 916 1636 debitum
948 1569 1100 1656 exsolvit)
1128 1571 1142 1609 ⁴
1166 1592 1262 1655 quam

94 1679 212 1764 patriae
236 1679 339 1742 vicem
364 1676 485 1743 dolens.
533 1678 639 1755 Quare
664 1676 786 1742 frustra
810 1697 830 1740 a
858 1697 910 1740 me
934 1676 1101 1741 consilium
1125 1677 1259 1760 expetis,

94 1785 153 1868 qui
169 1784 273 1848 omnis
291 1783 414 1848 consilii
435 1804 473 1848 ac
489 1782 719 1848 consolationis
742 1803 858 1866 expers
874 1802 954 1847 sum.
977 1781 1026 1846 Ne
1043 1788 1151 1847 tamen
1168 1782 1264 1848 amici

94 1888 240 1956 officium
262 1890 321 1954 tibi
338 1889 506 1972 denegem:
529 1890 669 1972 primum
685 1888 717 1952 in
741 1887 829 1953 nulla
845 1908 880 1952 re
898 1887 1166 1970 desperationem,
1190 1908 1262 1972 quae

94 1996 246 2061 omnibus
270 1994 416 2059 humanis
439 1995 473 2059 in
494 1995 592 2060 rebus
615 1981 748 2059 exitiale
770 1994 893 2059 malum
910 1999 974 2074 est,
998 1991 1263 2059 admittendam⁵

94 2123 178 2167 esse.
226 2099 290 2166 Sed
321 2100 377 2165 ubi
400 2099 576 2165 humanum
600 2097 723 2180 deficit,
752 2099 893 2165 divinum
923 2120 994 2165 esse
1018 2099 1187 2165 consilinm
1210 2120 1260 2165 re-

95 2204 301 2290 quirendum.
349 2204 499 2270 Orandus
531 2209 582 2270 est
612 2211 741 2271 creator
774 2205 915 2270 omnium
942 2210 980 2270 ut
1011 2227 1092 2271 novo
1125 2204 1264 2289 principi

94 2317 209 2377 nostro
233 2317 374 2376 mentem
399 2332 512 2375 sanam
534 2309 669 2391 tribuat,
692 2333 732 2377 ne
757 2312 859 2377 omnis
881 2311 1034 2377 honestas
1050 2312 1165 2396 patriae
1187 2315 1264 2376 ruat

98 2423 133 2482 et
156 2416 369 2500 opprimatur.
417 2417 487 2482 Hoc
514 2414 667 2481 inducere
696 2416 729 2480 in
757 2417 899 2481 animum
923 2418 991 2501 ejus
1015 2416 1156 2482 sortasse
1180 2414 1262 2481 diffi-

97 2522 161 2587 cile
189 2527 249 2601 est,
272 2523 380 2588 neseio
406 2521 491 2586 enim
514 2521 632 2606 quibus
654 2520 752 2586 fidem
775 2521 939 2586 adhibeat.
979 2520 1043 2587 Sed
1060 2522 1265 2601 conduceret,

97 2635 136 2694 ut
160 2627 277 2708 credo,
306 2629 333 2692 si
357 2627 498 2712 praelati,
522 2627 647 2692 nobiles
670 2633 769 2710 atque
793 2627 918 2710 priores
941 2627 1056 2710 patriae
1080 2632 1200 2691 nostrae
1224 2627 1266 2690 ci-

97 2755 155 2799 ves
177 2739 459 2817 congregarentur,
484 2733 512 2798 si
535 2731 613 2817 quid
628 2733 761 2815 singulis
778 2732 1003 2816 denegaretur,
1027 2732 1175 2798 omnibus
1192 2754 1266 2799 cou-

99 2839 254 2918 donaret,
278 2843 317 2903 ut
337 2838 387 2902 vel
411 2859 480 2918 eos,
506 2839 561 2922 qui
585 2838 850 2904 exordinatione
871 2838 1087 2923 jampridem
1111 2838 1200 2904 facta
1222 2838 1266 2904 ad

98 2944 163 3010 boc
178 2945 331 3029 deputati
355 2951 438 3024 sunt,
464 2943 611 3027 regimini
634 2944 749 3026 patriae
772 2950 977 3028 praeponeret
999 2943 1051 3010 vel
1073 2944 1164 3026 alios,
1189 2945 1265 3010 dum

99 3055 213 3116 tamen
240 3050 395 3116 honestos
425 3049 510 3114 viros
535 3049 699 3132 deligeret,
731 3050 770 3115 de
802 3051 934 3116 consilio
958 3057 1111 3117 statuum.
1160 3050 1264 3117 Credo

99 3157 186 3222 enim
210 3156 370 3221 neminem
394 3178 433 3220 ex
457 3155 496 3219 iis
520 3156 575 3239 qui
600 3154 675 3219 boni
699 3162 775 3221 sunt
798 3156 840 3221 ad
862 3156 924 3222 boo
940 3156 1081 3222 officium
1114 3155 1177 3220 nisi
1200 3175 1267 3220 ma·

99 3283 163 3344 gno
187 3282 298 3326 amore
321 3262 436 3344 patriae
459 3282 650 3344 persuasum
667 3261 799 3327 ambire.
831 3262 924 3340 Quod
948 3264 976 3328 si
996 3263 1085 3328 leves
1108 3282 1264 3346 personas

98 3374 137 3433 ut
153 3366 318 3451 quondam
334 3367 453 3432 adhoc
473 3365 642 3431 admiserit
659 3366 681 3447 ⁶,
705 3367 745 3432 de
761 3369 871 3451 patria
894 3374 927 3433 et
950 3368 1055 3434 salute
1078 3366 1266 3451 reipublicae

98 3478 222 3538 nostrae
245 3478 354 3538 actum
378 3479 477 3557 atque
502 3471 739 3538 conclamatum
757 3479 816 3538 est.
862 3473 973 3538 Habes
995 3471 1163 3538 consilium
1179 3472 1267 3537 iners

98 3582 201 3660 atque
217 3576 399 3656 turbatum,
423 3577 471 3641 ita
493 3583 530 3643 ut
546 3582 596 3642 est
619 3576 747 3642 animus
769 3599 870 3644 meus.
917 3577 981 3643 Sed
1010 3582 1047 3643 tu
1073 3599 1133 3662 pro
1156 3577 1268 3643 huma-

99 3682 205 3746 nitate
229 3687 288 3746 tus
310 3681 425 3762 crede,
448 3681 483 3746 id
506 3682 591 3748 bono
620 3681 727 3747 animo
752 3682 902 3750 effluisse.
950 3683 983 3750 Si
1015 3683 1100 3749 enim
1137 3683 1270 3750 utiliora

98 3786 280 3872 praeridere
304 3788 485 3872 contingas,
509 3787 571 3853 tibi
596 3788 848 3856 communicabo.
894 3790 943 3856 Tu
964 3788 1046 3857 vale.
1082 3791 1132 3856 Ex
1153 3790 1270 3854 Franc-

98 3891 208 3959 fordia
232 3891 284 3958 die
307 3894 406 3959 Lunae
437 3899 512 3977 post
535 3892 728 3961 dominicam
751 3895 979 3963 Reminisoere.
1026 3896 1119 3961 Anno
1150 3893 1263 3959 salutis

102 4001 201 4064 irae.
691 4079 692 4083 Ν

674 4113 691 4153 tlt

176 4219 187 4273 l
208 4231 322 4287 unquam
338 4223 361 4272 2.
417 4225 431 4272 2
453 4221 527 4274 caelo
546 4227 570 4272 Ι.
626 4224 641 4273 3
662 4221 797 4289 principis]
813 4221 947 4274 Eberhard
965 4219 1037 4274 stsrb
1053 4223 1087 4271 24
1099 4216 1176 4270 Febr.
1193 4220 1269 4268 1496.

101 4308 163 4376 vgl.
176 4310 272 4373 stetin,
288 4310 538 4376 wirtembergische
551 4310 705 4374 geschichte
719 4311 764 4376 111,
777 4327 798 4362 s.
813 4313 873 4363 645.
924 4315 940 4365 4
954 4308 1070 4360 excoluit
1084 4312 1107 4359 2.
1162 4308 1178 4355 5
1192 4307 1267 4356 amit·

90 4397 252 4467 tenderunt.
322 4397 584 4450 cadurcensem

1031 4484 1074 4548 ,a
