2716 4898
659 285 721 350 150

101 475 230 560 pliciter
253 474 380 560 roganti
396 474 591 559 acquiescat,
611 472 777 541 humiliter
792 472 942 541 facultati
964 495 1039 542 cum
1061 474 1260 560 praeentiam

101 580 206 646 latore
237 580 399 645 rescribat
426 586 524 663 atque
554 581 584 646 ei
616 580 705 646 dicta
733 578 913 646 submittat.
958 580 1074 666 Neque
1104 579 1260 666 indignum

100 685 281 752 arbitretur
303 685 426 765 facere,
450 682 536 769 quod
559 682 769 764 sanctissimi,
800 691 898 770 atque
914 685 1068 776 *ecclesias
1096 685 1261 752 luminaria

102 790 211 857 facere
228 810 290 854 non
307 790 473 875 dedignati
489 794 573 855 eunt.
612 789 699 854 Non
721 789 864 856 mirum
887 791 919 856 si
937 791 1098 875 jurista
1121 791 1260 858 1116616-

101 897 214 981 gicas
242 918 318 963 non
341 895 537 978 attigerit
568 892 850 960 subtilitates.
895 895 1015 963 Pareat
1044 898 1167 964 iterum
1195 917 1260 964 oon·

101 1001 254 1067 fidentius
276 999 432 1066 scribenti
455 997 603 1064 dominus
618 1019 718 1064 meus.
764 999 922 1071 Videbitie
945 1000 1050 1068 multa
1063 1000 1172 1068 minus
1186 1001 1258 1068 bene

100 1126 231 1181 sonare,
262 1126 334 1189 ques
357 1104 467 1169 forsan
486 1101 612 1186 juristae
644 1101 736 1168 valde
766 1101 852 1170 bona
880 1103 1039 1172 videntur.
1086 1105 1169 1173 Sunt
1194 1106 1254 1173 reli·

101 1210 184 1295 gioei
216 1216 250 1275 et
279 1209 442 1275 seculares
479 1208 535 1293 qui
565 1227 675 1273 omnes
710 1215 884 1291 expectant
914 1209 1112 1276 sententiam
1150 1218 1254 1279 nostra

100 1314 277 1381 facultatis.
324 1315 367 1379 Et
390 1318 547 1398 quantum
570 1331 627 1395 ego
650 1309 822 1380 advertere
844 1334 989 1398 possum,
1020 1335 1134 1383 omnes
1160 1317 1253 1403 parati

101 1424 177 1484 eunt
199 1418 356 1486 adversus
379 1440 435 1485 vos
457 1418 633 1500 insurgere.
670 1415 704 1482 Si
725 1423 835 1484 autem
857 1419 1086 1504 perjudicium
1102 1420 1251 1488 facultatis

100 1530 220 1590 nostrae
251 1523 393 1592 absoluti
424 1521 564 1601 fueritis,
596 1541 689 1585 nemo
718 1522 781 1588 erit
809 1524 864 1608 qui
894 1523 1133 1593 condemnabit
1192 1527 1249 1593 Dat

102 1629 244 1696 Colonia
267 1630 301 1694 in
324 1634 440 1695 octava
461 1629 681 1693 innocentum.
706 1627 798 1692 Anno
825 1633 918 1695 1512.

191 1738 493 1799 Georuckl:1=J.
511 1751 537 1794 v.
553 1751 578 1794 e.
597 1754 624 1809 q.
642 1739 670 1794 2.
706 1737 925 1797 2.=Bulaeus
940 1739 959 1798 1.
976 1755 1001 1798 e.
1019 1738 1061 1798 VI
1076 1758 1106 1816 p.
1126 1741 1175 1800 54.

604 1918 758 1985 CXXXV.

171 2009 322 2075 Tdbingen.
996 2015 1011 2058 4
1031 2010 1135 2062 Januar
1157 2013 1220 2062 1112.

96 2097 405 2172 Praestantissimo
431 2109 468 2171 et
491 2097 709 2197 peritissimo
737 2096 947 2171 literatoriae
973 2099 1062 2173 artis
1092 2100 1244 2200 magistro

97 2219 132 2294 d.
153 2220 294 2295 doanni
310 2217 583 2294 Amorbacchio
611 2221 684 2295 civi
700 2219 904 2315 Basiliensi,
927 2221 1046 2296 amico
1065 2249 1133 2297 suo
1152 2249 1244 2323 quan

239 2340 583 2417 observandissime.
641 2342 715 2446 [do.
736 2340 933 2444 Reuchlin]
953 2342 988 2420 S.
1010 2345 1055 2419 D.
1077 2346 1120 2421 P.

185 2472 267 2553 Quia
290 2493 325 2539 ee
348 2471 489 2537 omnium
511 2472 681 2537 literarum
709 2480 835 2538 amator
857 2474 1050 2557 acerrimus,
1080 2498 1145 2545 mon
1172 2475 1246 2562 potui

95 2577 305 2665 praesentium
331 2577 500 2657 ostensori,
529 2576 558 2641 d.
581 2577 736 2643 Mattbaeo
757 2576 900 2643 Adriano
922 2579 1079 2663 Hispano,
1101 2583 1247 2650 medicina

93 2682 220 2747 doctori
237 2683 258 2760 ¹,
282 2681 444 2748 Basileam
467 2682 566 2763 eunti,
589 2682 668 2747 mihil
690 2683 733 2748 ad
756 2689 789 2749 te
819 2682 988 2749 literarum
1016 2685 1106 2753 dare.
1152 2688 1246 2768 Quare

94 2787 150 2871 qui
173 2786 258 2853 soles
281 2788 445 2853 variarum
467 2786 635 2852 literarum
664 2793 881 2871 praeceptores
904 2787 1083 2873 honorare,
1121 2813 1178 2858 oro
1199 2811 1249 2858 non

94 2890 193 2955 etiam
222 2889 307 2954 hunc
335 2889 581 2974 pretermittas,
614 2914 679 2977 quo
709 2893 741 2957 in
774 2893 883 2977 lingua
912 2892 1066 2959 hebraica
1097 2917 1248 2983 nunquam

93 2995 127 3059 in
159 2992 350 3058 Alemannis
383 2993 563 3060 doctiorem
594 3001 747 3080 expertus
781 3019 861 3062 sum.
898 2986 1043 3064 'Audies
1078 3001 1196 3083 virum,
1226 3005 1251 3066 et

93 3095 244 3181 placebit,
269 3097 335 3163 eive
360 3095 513 3163 hebraice
537 3099 744 3166 scribendum
767 3103 809 3169 sit
832 3103 898 3169 sive
923 3125 1051 3189 quoque
1083 3103 1247 3173 chaldaice.

2 3216 8 3227 ’
95 3199 292 3266 Commendo
316 3221 389 3266 eum
413 3200 516 3268 doctis
546 3210 580 3268 et
602 3202 739 3272 hebraeae
771 3207 887 3292 linguae
920 3208 1107 3278 faventibus
1137 3220 1171 3279 et
1193 3233 1251 3278 rem

93 3304 173 3371 mihi
200 3312 326 3390 gratam
354 3305 480 3374 feceris.
527 3308 616 3375 Vale.
664 3311 713 3376 Ex
742 3311 918 3398 Tuwingen
947 3313 1054 3397 pridie
1090 3337 1193 3385 nonas
1214 3318 1253 3403 ja

94 3411 227 3478 nuarias
250 3432 334 3478 anno
362 3417 457 3478 1512.

592 3519 642 3585 Jo.
668 3521 823 3587 Reuchlin
847 3521 1039 3590 Phorcensie
1061 3527 1127 3593 LL.
1152 3528 1218 3594 doc.

180 3622 253 3684 Aue:
263 3623 364 3684 Baslcr
376 3626 630 3689 universitatebibl.
640 3630 789 3690 handscbr.
808 3630 873 3690 GH
884 3635 941 3692 13a
956 3651 1021 3694 nro.
1034 3637 1074 3695 67
1092 3638 1252 3714 autograpb.

164 3880 337 3934 Ottobeurem.
591 3799 762 3868 CXXXVI·
1013 3898 1044 3944 12
1066 3894 1129 3948 an.
1154 3901 1226 3950 1112.

147 3969 276 4043 Frater
303 3970 481 4046 Nicolaue
509 3973 697 4075 Ellenbog
724 3977 865 4051 Joanni
891 3978 1080 4080 Capnioni
1107 4012 1136 4060 s.
1168 3987 1202 4062 d.

180 4117 329 4183 Redditae
360 4126 436 4186 sunt
461 4121 539 4187 mibi
563 4123 686 4192 dudum
716 4125 818 4191 literae
848 4127 944 4209 tuae',
984 4131 1034 4197 uir
1066 4133 1256 4216 doctissime,

163 4299 173 4342 l
195 4279 267 4344 111161
281 4294 413 4344 Adrianus
425 4296 479 4359 vgl.
493 4297 608 4350 studium
623 4243 754 4352 derbebr.
767 4317 818 4368 spr.
833 4319 854 4352 e.
869 4306 984 4358 41-48.
999 4310 1058 4361 134.
1109 4315 1124 4362 1
1145 4315 1179 4364 30
1192 4314 1255 4382 Sept.

91 4380 158 4429 lbll
180 4379 247 4432 oben
267 4397 325 4433 mro.
346 4381 479 4433 CXXVII.
