2716 4898
649 266 709 330 199

87 449 211 520 soluite
235 450 296 520 wol
311 473 420 538 wegen
436 452 543 520 seiuer
557 452 741 522 verdienste
756 477 811 522 um
828 455 880 524 die
896 456 1088 527 hebriiische
1112 459 1257 547 sprache.

86 557 248 644 Quodque
271 579 335 626 non
357 559 555 644 ignorarent,
579 581 631 626 me
655 567 732 628 ante
756 583 867 629 omnes
889 564 983 630 aunis
1007 566 1092 632 citra
1116 566 1258 651 quadra·

87 665 179 749 ginta
206 685 321 735 rursus
352 665 551 733 Alamanniae
583 665 727 733 scholam
761 688 866 751 graeca
901 669 1062 737 elementa
1099 670 1259 754 docuisse,

86 791 161 856 qum
182 770 255 855 ipse
277 791 336 856 ego
360 771 522 857 quondam
545 771 578 837 iu
602 779 712 838 vestra
727 771 835 839 Gallia
858 794 898 840 ex
923 772 1090 860 discipulis
1106 776 1256 861 Gregorii

88 874 297 961 Tipheruatis
310 876 502 944 adulescens
515 877 631 944 Parisii
646 898 836 962 acceperam
853 899 937 946 auno
952 880 1080 946 Domini
1093 886 1176 948 1473
1192 903 1256 966 quo

89 981 293 1067 intempore
322 982 389 1050 illic
420 988 454 1049 et
481 983 640 1050 Joannem
663 983 866 1067 Lapidanum
895 985 1065 1070 theologiae
1090 986 1258 1054 doctorem

88 1086 121 1152 in
143 1087 365 1179 grammaticis
394 1088 437 1154 ad
461 1087 649 1169 Serbonam,
681 1096 715 1155 et
744 1089 950 1157 Guilielmum
977 1090 1152 1157 Tardivum
1183 1091 1261 1157 Ani-

91 1192 231 1259 oieusem
258 1193 291 1258 in
320 1194 391 1260 vico
416 1193 446 1261 S.
471 1193 642 1260 Genovefae
663 1200 699 1262 et
727 1194 929 1262 Rcberthum
960 1195 1143 1280 Gaguinum
1172 1196 1260 1281 apud

91 1298 272 1365 Maturinos
294 1299 327 1364 in
350 1298 534 1367 Rhetoricis
556 1305 775 1385 preceptores
798 1301 924 1382 audivi,
949 1323 1022 1368 cum
1046 1323 1150 1369 essem
1174 1323 1191 1369 e
1215 1302 1262 1368 f-

91 1404 180 1470 milia
203 1405 401 1472 Marohicnis
423 1404 580 1472 Friderici
610 1404 770 1491 Principis
794 1407 970 1487 Badensis,
1001 1429 1086 1473 nunc
1110 1407 1261 1493 Episcopi

92 1509 309 1597 l'rajectentis
343 1513 548 1602 συμφοιτητὴς
573 1513 596 1576 ¹.
658 1512 795 1577 Demum
831 1518 905 1595 post
943 1511 1069 1596 aliquot
1107 1532 1209 1578 annos
1243 1534 1262 1579 e

92 1614 212 1683 Suesia
235 1615 366 1684 rediens
389 1616 432 1684 ed
454 1616 598 1684 Parisios
615 1616 789 1701 Georgium
804 1617 1058 1702 Hermonymum
1074 1617 1263 1702 Spartiaten

90 1743 195 1806 graece
226 1722 397 1792 docentem
421 1727 615 1809 assequutus
639 1744 719 1789 sum.
766 1721 900 1808 Cuuque
931 1722 1128 1807 optimarum
1152 1721 1264 1788 litera-

89 1848 161 1895 rum
186 1828 326 1896 studiosi
349 1850 460 1896 omnes
476 1834 641 1896 nostrates
657 1826 873 1894 confiteantur
888 1848 923 1893 se
940 1848 1043 1911 graeca
1058 1834 1093 1893 ct
1108 1825 1263 1894 hebraica

88 1955 141 2001 me
167 1940 284 2001 autore
316 1934 473 2020 primario
497 1934 667 2016 didicisse,
689 1955 753 2000 nou
775 1933 883 2018 potuit
904 1932 1166 1999 adversariorum
1190 1933 1264 2000 bar-

87 2038 248 2106 barorum
276 2060 369 2107 mera
399 2040 552 2125 superbia
580 2061 672 2125 aequo
700 2040 808 2106 animo
829 2038 917 2107 ferre
941 2045 1035 2105 tanta
1063 2059 1143 2104 mea
1166 2037 1263 2104 fama

88 2145 275 2230 praeconia,
302 2166 448 2231 persaepe
471 2145 731 2227 formidantium,
755 2144 842 2230 quod
865 2144 1084 2211 ornatioribus
1107 2142 1265 2210 doctrinis

91 2249 222 2316 imbuta
250 2251 443 2335 posteritas,
472 2252 612 2337 puerilia
635 2251 743 2318 studia
765 2256 799 2316 et
821 2250 923 2316 aniles
954 2248 1159 2334 disciplinas,
1193 2271 1266 2334 quae

83 2355 207 2442 jandiu
241 2355 275 2422 in
306 2367 417 2423 nostra
451 2357 685 2424 consuetudine
709 2363 890 2435 versantur,
914 2359 1109 2421 contemnat.
1155 2352 1265 2438 Gegen

90 2461 185 2529 diese
209 2461 345 2547 angriffe
369 2461 452 2530 habe
477 2485 513 2530 er
536 2463 605 2530 sich
628 2462 833 2546 vertheidigt,
857 2459 986 2527 schicke
1002 2460 1068 2526 ihm
1084 2459 1136 2524 die
1154 2458 1269 2524 schrift

92 2567 162 2634 und
187 2567 247 2635 das
270 2568 416 2654 eulangte
438 2568 632 2636 kaiserliche
656 2569 800 2649 mandat,
823 2566 890 2632 und
914 2566 996 2632 bitte
1021 2564 1092 2645 ihu,
1123 2565 1175 2630 die
1199 2585 1268 2629 ver-

92 2673 418 2758 theidiguugsschrift
433 2675 491 2742 der
506 2675 645 2742 Pariser¹
658 2673 802 2741 fakultiit
823 2694 862 2741 mr
886 2670 1099 2739 iiberreichen
1122 2669 1189 2736 und
1213 2669 1268 2735 bei

93 2779 147 2845 ihr
170 2801 270 2846 worm
293 2803 333 2847 zu
357 2781 469 2847 seinen
492 2789 631 2866 guustou
653 2804 692 2847 zu
717 2778 886 2864 sprechen.
935 2778 984 2843 Ex
1000 2776 1200 2861 Stutgardia,
1225 2775 1268 2840 ad
1294 2787 1299 2801 ·

103 2885 237 2953 circiter
258 2886 341 2972 prid.
364 2885 429 2952 kal.
454 2886 542 2973 Sept
564 2907 650 2953 anno
676 2890 770 2952 1513.

186 2995 348 3056 Gedruckt:
368 2998 476 3057 1=J.
487 3016 513 3058 v.
524 3014 549 3058 e.
569 2992 605 3059 sb
622 2997 667 3056 bis
676 3015 701 3057 v.
716 2999 766 3068 3²;
785 2993 985 3068 2=Bulaeus,
996 2993 1118 3054 historia
1127 2993 1270 3053 universi·

96 3103 165 3161 tatis
174 3102 347 3162 Parisieusis
356 3103 405 3177 VI,
422 3122 451 3178 p.
470 3107 509 3163 61
527 3103 572 3162 bis
589 3106 646 3176 633
665 3099 943 3175 3=HerminJard,
960 3097 1207 3174 correspoudance
1222 3098 1273 3158 des

97 3206 305 3268 reformatems
321 3207 394 3269 dens
410 3209 451 3270 les
467 3225 538 3285 pays
554 3209 590 3270 de
605 3210 712 3284 langue
724 3206 870 3284 tranpaise
884 3207 908 3281 I,
926 3203 1042 3282 (1866)
1058 3223 1081 3265 s.
1100 3207 1129 3264 9.
1150 3206 1199 3264 15.

611 3392 767 3459 CLXXII.

174 3481 263 3532 111111
1030 3479 1052 3528 c·
1067 3477 1138 3542 Sept.
1163 3476 1238 3525 1513.

76 3554 270 3673 ‚ssssssiacobus
289 3569 543 3646 Hcchstraten
560 3568 757 3670 inquisitor
776 3565 1006 3643 Coloniensis
1025 3592 1074 3640 an
1092 3563 1276 3640 Reuchlin

98 3717 191 3784 citirt
219 3716 284 3799 ihu,
307 3723 345 3783 ut
369 3717 411 3784 ad
435 3718 521 3785 diem
545 3724 673 3786 sextum
695 3715 841 3802 proxime
864 3721 939 3802 post
963 3714 1120 3802 ejusmodi
1151 3712 1278 3782 citatio-

99 3823 150 3892 nis
183 3824 409 3892 executionem
433 3830 637 3911 ccmpareret
661 3822 844 3908 Moguutiae.

193 3935 259 4009 Vgl.
276 3941 342 3996 1111
354 3936 530 4010 judiciorum
545 3935 616 4014 (vgl.
633 3934 765 4009 Bockiug
779 3933 874 4010 suppl.
891 3931 929 4008 II,
945 3947 968 3991 s.
989 3929 1066 4006 100)
1083 3928 1108 3988 A
1126 3931 1172 3988 2³.

100 4125 156 4178 und
175 4124 391 4193 gelehrtenlcben
409 4125 446 4177 im
465 4143 505 4178 aa.
526 4125 571 4178 der
589 4125 645 4190 ret,
663 4066 796 4190 Edlaugen
819 4123 897 4185 1866,
921 4136 943 4173 1.
964 4122 997 4173 95
1017 4119 1058 4172 bis
1084 4122 1140 4183 128,
1161 4119 1209 4168 871
1238 4116 1279 4167 bis

102 4217 164 4267 395.

177 4287 282 4354 lllber
307 4301 349 4353 die
374 4302 432 4355 hier
461 4308 612 4373 geuanntcn
638 4317 768 4378 persensu
798 4301 853 4380 agl.
880 4296 1047 4362 Herminjsrd
1075 4311 1098 4356 a.
1125 4311 1149 4356 a.
1174 4313 1198 4352 o.
1228 4293 1282 4351 und

102 4389 237 4451 Reuchlin
254 4406 275 4442 s.
296 4393 312 4446 11
333 4392 361 4453 tf.
