2716 4898
695 267 739 330 40

136 467 249 538 torem,
265 464 333 524 tam
349 460 538 526 monachica
562 458 832 524 carthusiensium
849 459 916 524 vita
938 481 1034 543 quam
1051 459 1193 524 editione
1209 457 1302 523 lihro-

137 589 207 633 rum
224 567 397 649 insignem,
429 573 527 650 atque
552 566 691 648 primum
715 565 806 648 cujus
829 564 942 629 serulae
965 585 1080 631 manus
1104 563 1301 630 subdiderim

136 671 169 734 iu
199 672 459 735 exercitamentis
490 668 734 734 humanioribus
764 668 991 734 instituendus.
1038 671 1132 735 Addo
1164 669 1301 737 ¹adhuc

138 781 172 839 et
195 777 363 859 utriusque
390 777 473 860 juris
498 774 770 839 consultissimum
796 780 829 837 et
852 775 1055 859 politioribus
1081 775 1185 842 literis
1212 797 1303 842 orna-

137 882 298 946 tissimum
323 883 425 947 virum
448 882 582 964 antiqua
598 880 674 943 mihi
691 879 895 944 observatum
914 881 1057 945 amicitia
1077 881 1302 948 Sebastianum

137 988 240 1051 Brant
276 987 541 1070 Argentinensem
579 993 612 1049 et
646 986 723 1049 item
754 985 880 1068 ingenio
913 992 1122 1069 praestantem
1155 992 1196 1075 et
1223 986 1302 1052 miro

138 1092 363 1157 characterum
396 1089 533 1156 artificio
563 1090 701 1155 nobilem
737 1112 774 1154 ao
803 1091 899 1155 variis
929 1091 1107 1175 disciplinis
1142 1091 1303 1157 eruditum
1350 1080 1351 1085 ἵ

139 1199 297 1264 loannem
331 1194 599 1260 hmorhacchium
624 1196 645 1274 ²,
675 1203 830 1280 utrosque
854 1196 886 1259 in
910 1195 1073 1262 hominum
1105 1197 1304 1265 doctissime
1351 1283 1352 1287 Ἰ

140 1324 211 1367 rum
224 1302 372 1367 literaria
384 1300 552 1386 republica
564 1300 769 1379 clarissimos,
797 1308 833 1366 ut
846 1303 970 1367 nescias
987 1303 1115 1368 famaue
1132 1309 1304 1386 gestorum,

139 1429 181 1472 au
205 1407 335 1472 civitate
360 1396 561 1473 illustriores.
610 1405 690 1470 Sunt
714 1408 796 1470 enim
813 1427 875 1472 non
892 1408 1045 1472 mediocri
1063 1408 1198 1473 basileae
1222 1409 1304 1475 inter

140 1533 281 1578 summos
305 1514 390 1578 cives
408 1513 420 1550 ³
436 1512 540 1577 lande.
580 1513 755 1577 Tantorum
780 1513 879 1595 igitur·
900 1515 1040 1578 virorum
1060 1521 1168 1580 motus
1184 1515 1304 1598 ingenti

140 1618 293 1684 amiciciae
311 1618 450 1698 vinculo,
474 1624 584 1682 tantas
607 1638 705 1682 ausus
729 1639 799 1681 sum
823 1617 976 1684 tenebras
1004 1625 1119 1684 ettam
1138 1619 1321 1686 obfuscata¹

141 1730 344 1789 sacratorum
376 1725 473 1787 immo
506 1728 704 1787 secretorum
739 1721 909 1787 verborum
945 1723 1080 1788 latibula
1114 1725 1240 1808 ingredi
1274 1731 1305 1791 et

142 1830 235 1913 quasi
259 1828 298 1893 de
322 1829 427 1912 adytis
452 1827 656 1893 oraculorum
680 1833 713 1891 et
729 1828 954 1893 vetustissimae
971 1829 1181 1915 philosophiae
1197 1839 1305 1916 penet

143 1933 282 1998 tralibus
299 1954 458 2017 exponere
482 1939 593 1998 nostro
617 1933 742 2012 saecnlo,
768 1939 922 2017 quantum
947 1936 1038 1999 nohis
1062 1937 1218 2001 memoria
1234 1959 1304 2021 sup·

141 2040 240 2125 petit,
264 2039 415 2103 universa
431 2037 531 2102 ferme
556 2039 693 2118 nomina,
718 2039 834 2123 quihus
851 2041 1009 2123 superiori
1025 2046 1127 2107 aetate
1144 2041 1304 2125 sapientes

142 2145 286 2209 homines
310 2151 343 2210 ct
366 2143 567 2209 miraculosis
591 2145 833 2227 operationibus
857 2145 983 2228 praediti
1004 2147 1181 2212 utebantur
1203 2147 1236 2211 in
1258 2168 1304 2211 ss·

142 2251 220 2330 cris,
254 2251 319 2315 sive
348 2250 558 2334 pythagorica
581 2250 700 2315 fuerint
735 2258 768 2315 et
799 2253 1011 2317 vetustiorum
1041 2251 1303 2336 philosophorum

143 2361 348 2420 sacramenta
371 2355 431 2420 sivi
446 2354 657 2420 Hebraeorum
674 2355 962 2441 Chaldaeorumque
987 2356 1129 2422 barbara
1150 2379 1304 2424 memora-

143 2461 225 2541 cula,
250 2482 306 2525 seu
330 2461 588 2527 Christianorum
612 2461 728 2526 devota
752 2463 911 2546 supphoia
933 2484 1004 2547 quae
1027 2462 1067 2527 de
1091 2463 1222 2529 illorum
1249 2464 1304 2528 lib

143 2567 188 2632 ris
212 2573 310 2651 atque
334 2567 451 2652 linguis
474 2568 507 2632 iu
530 2566 591 2632 hoc
615 2588 712 2651 opere
742 2574 893 2652 prompta
921 2591 1053 2634 cornere
1082 2569 1167 2634 licet.
1215 2568 1303 2648 Quod

144 2673 260 2739 icciros
275 2674 395 2737 nomini
412 2679 468 2738 tuo
493 2671 720 2753 dedicavimus,
745 2674 896 2757 quoniam
920 2674 1130 2739 sacrosacris
1147 2673 1304 2740 debentur

145 2784 178 2842 et
200 2778 338 2844 maxime
372 2779 554 2845 sacerdotia
577 2779 781 2844 sacerdotnm
804 2779 1015 2863 principibus,
1038 2780 1126 2864 quali
1150 2786 1186 2844 tu
1209 2779 1304 2864 digni·

144 2891 213 2949 tate
249 2884 375 2949 caeteris
409 2889 570 2964 antestes,
600 2906 663 2950 nou
695 2884 798 2950 solum
821 2885 862 2949 ob
892 2885 1145 2968 magnitudinem
1176 2884 1304 2951 ditionis

145 2995 246 3074 atque
261 2989 426 3074 potentiae,
451 2990 542 3073 cujus
559 2995 594 3054 tn
611 2989 896 3055 commulatissimc
913 2991 1001 3056 dives
1019 3013 1062 3069 es,
1080 3012 1189 3056 verum
1211 2992 1304 3058 etiarn

145 3100 280 3178 propter
303 3093 559 3161 inennarabilem
583 3097 744 3161 variarum
762 3096 931 3162 literarum
954 3096 1114 3179 peritiam,
1139 3097 1231 3181 cujus
1247 3104 1305 3161 tes-

145 3201 188 3266 tis
212 3207 263 3266 est
286 3199 485 3267 bibliotheca
508 3201 522 3241 ⁴
545 3200 603 3266 illa
625 3207 691 3279 tua,
716 3201 834 3281 latinis,
859 3203 971 3285 graecis
989 3208 1022 3266 et
1038 3201 1200 3268 hebraicis
1223 3202 1306 3269 volu·

725 3378 742 3416 ’l‘

144 3484 217 3534 Mttrz
235 3488 320 3551 1473),
340 3484 417 3535 wirlrt
430 3485 469 3535 als
482 3485 603 3552 prodiger
615 3485 641 3534 in
657 3485 733 3534 Bssel
748 3486 788 3535 bis
804 3487 877 3546 1418,
897 3486 956 3535 eine
967 3486 1048 3535 kurze
1065 3487 1115 3535 ecit
1128 3485 1167 3536 als
1180 3486 1308 3552 professor

145 3572 191 3621 der
209 3573 342 3639 theologie
361 3574 387 3623 in
401 3573 551 3640 Tdbingen,
570 3574 609 3624 als
622 3574 743 3639 predigsr
762 3574 788 3622 in
809 3574 875 3623 Bern
895 3574 1026 3632 1111484,
1046 3574 1072 3622 in
1088 3574 1164 3625 Bascl
1178 3575 1221 3624 bis
1237 3576 1307 3632 1481,

145 3660 214 3710 nicht
227 3661 283 3710 sich
298 3661 366 3711 daun
380 3663 406 3710 in
424 3663 466 3711 oin
484 3662 583 3712 kloster
600 3662 699 3712 auriick
719 3661 771 3711 und
790 3662 861 3711 starb
879 3677 920 3710 am
936 3666 964 3710 12
980 3662 1052 3711 Mttra
1069 3663 1143 3711 1496.
1175 3662 1211 3711 Er
1223 3663 1257 3713 ist
1270 3663 1307 3711 eiu

145 3748 322 3800 bcdeutcnder
340 3766 432 3813 mann,
456 3750 502 3800 der
522 3751 577 3800 sich
598 3750 699 3801 liberali
718 3750 757 3799 als
776 3748 897 3815 prodiger
916 3749 969 3798 un'd
989 3750 1073 3800 lchrer
1089 3766 1182 3816 grosse
1202 3750 1308 3817 geltung

145 3853 177 3887 uu
197 3837 358 3888 verschaffen
378 3847 483 3902 wusstc,
502 3839 555 3888 und
575 3840 650 3888 einen
670 3838 857 3903 nuchhaltigen
877 3839 984 3887 sinduss
1003 3841 1049 3886 aul
1065 3840 1138 3887 seins
1158 3853 1242 3904 ganzo
1262 3839 1309 3887 neit

144 3926 227 3991 gcilbt
245 3925 297 3975 hat.
336 3926 395 3992 Vgl.
416 3927 456 3976 W.
478 3926 599 3990 Visehcr,
623 3926 712 3992 gesoh.
733 3926 778 3976 der·
797 3928 954 3976 universitas
974 3926 1059 3976 Basel.
1101 3930 1175 3976 1860.
1215 3927 1307 3976 1151

147 4016 188 4065 bis
210 4016 268 4064 161.

220 4111 229 4153 1
252 4102 347 4153 addam
361 4108 383 4154 ’1.
399 4108 422 4153 3.
473 4110 487 4154 2
508 4089 579 4154 liber
600 4105 703 4154 Amcrb.
725 4104 779 4169 vgl.
799 4116 877 4154 notan
897 4119 950 4153 nro.
963 4104 1130 4165 XCVl,ilbcr
1143 4104 1225 4154 Brunt
1245 4103 1308 4154 oben

146 4208 201 4242 uro.
222 4193 315 4242 XLlV.
379 4194 488 4242 selues
508 4210 549 4243 am
570 4194 633 4244 rand
656 4199 679 4242 1.
747 4192 954 4242 4bibliotheca.
985 4192 1052 4239 Dans
1073 4191 1144 4240 diesc
1164 4189 1307 4241 bibliothelr

145 4281 347 4346 houptstchlioh
367 4282 414 4332 mit
426 4280 543 4331 boihr'ilie
556 4282 700 4347 Agrilrolas
719 4281 864 4348 gcgrliudct
879 4280 930 4329 und
944 4296 994 4328 von
1007 4279 1136 4328 chclvlin
1156 4279 1199 4329 hei
1213 4281 1307 4328 seinern

145 4369 309 4420 aurenthalre
329 4372 355 4419 in
377 4368 539 4435 Heidelberg
560 4370 694 4420 verwaltst
714 4371 814 4431 worda,
834 4370 868 4418 ist
886 4367 1012 4418 bekannt.
