2790 4882
667 267 708 335 70

195 465 352 526 Gedruokt:
381 456 681 525 1=o.v.e.05b
700 459 756 536 ig.;
783 461 907 521 2=J.
930 479 956 521 v.
975 457 1115 536 e.f3ab;
1143 466 1222 522 3:
1241 461 1271 523 Ο.

106 590 133 633 v.
144 591 168 633 e.
182 573 209 632 Il
220 571 269 632 iol.
284 572 326 632 35
342 567 390 645 ⁸¹³3
410 575 482 631 4:
497 565 577 644 Zapi‚
595 567 736 627 Heinrich
748 566 847 639 Bebol,
865 565 1127 643 Augsburg1802,
1145 586 1167 627 s.
1183 567 1272 644 serg.

613 765 756 834 LXXVI.

181 877 319 943 stuttgart.
835 883 839 898 s
897 870 980 932 (Nsoh
1001 874 1033 923 at
1055 871 1128 923 Febr.
1152 874 1240 942 1501.)

235 987 398 1064 Henrico
418 985 568 1063 Bebelio
588 985 615 1061 J
616 1011 754 1060 oannes
773 984 958 1082 Reuchlin
977 985 1152 1061 Salutem.

197 1134 306 1201 Facile
341 1134 449 1217 patiar
472 1154 532 1217 pro
555 1138 611 1198 tuo
644 1122 821 1211 desiderio,
851 1132 948 1201 immo
977 1131 1150 1215 plurimum
1184 1153 1276 1214 aveo,

113 1251 145 1306 te
169 1241 247 1306 mihi
270 1240 335 1305 tuis
358 1239 421 1304 illis
442 1238 652 1304 nobilissimis
669 1236 845 1303 virtutibus
861 1237 929 1302 iore
950 1243 1069 1303 uotum.
1109 1237 1173 1304 Sed
1195 1238 1276 1305 heus

113 1355 158 1427 tu,
192 1347 235 1409 mi
258 1343 379 1424 Bebeli,
410 1366 468 1409 cur
497 1365 602 1423 ame,
632 1348 788 1408 veterano
817 1348 851 1407 et
879 1341 946 1407 ludi
977 1343 1115 1409 literarii
1139 1345 1275 1425 emerito

113 1449 226 1531 milite,
249 1451 494 1534 grammaticum
526 1448 688 1534 opificium
714 1447 864 1534 quaeris?
896 1450 988 1534 cujus
1017 1454 1050 1514 et
1075 1449 1140 1515 dux
1164 1455 1198 1515 et
1220 1449 1278 1515 im-

115 1561 249 1639 perator
268 1556 339 1640 ipse
362 1556 394 1619 in
417 1576 581 1621 musarum
606 1554 723 1620 castris
747 1551 971 1638 quotidianum
988 1555 1175 1620 exercitium
1198 1554 1277 1639 agis.

117 1658 273 1744 Redigere
290 1681 340 1725 me
358 1661 405 1726 vis
421 1661 463 1725 ad
480 1658 676 1726 incunabula
694 1664 725 1723 et
741 1659 868 1741 vagitus
883 1679 1066 1741 puerorum,
1090 1664 1128 1724 ut
1142 1659 1278 1726 Paulum

115 1767 304 1832 Tarsensem
329 1786 400 1830 cum
425 1766 492 1830 suis
513 1765 638 1831 Galatis
657 1765 842 1849 jurgantem
868 1762 1038 1829 audiamus
1054 1765 1093 1846 ¹):
1118 1766 1279 1849 quomodo

115 1869 336 1937 convertimini
372 1871 490 1935 iterum
519 1868 562 1934 ad
591 1869 721 1934 infirma
760 1874 793 1934 et
825 1888 926 1952 egena
957 1868 1131 1950 elementa,
1163 1871 1280 1954 quibus

116 1976 221 2040 denuo
245 1975 366 2043 servire
383 1975 489 2041 vultis.
525 1977 566 2039 At
589 1974 689 2039 fuerit
710 1973 766 2039 ilie
792 1973 831 2038 de
848 1972 921 2038 aliis
944 1972 1137 2056 quibusdam
1153 1975 1280 2042 locutus

117 2080 293 2160 clementis,
318 2101 375 2163 ego
400 2081 480 2147 satis
505 2086 560 2145 tuo
586 2080 598 2119 ²
625 2099 705 2164 erga
733 2099 784 2143 me
808 2077 911 2143 amori
934 2077 1080 2143 facturus
1109 2080 1161 2164 ajo
1189 2080 1280 2164 kyrie

117 2184 320 2271 trisyllabum
345 2206 424 2265 esse,
448 2185 649 2271 primamque
674 2205 733 2268 per
749 2182 907 2270 hypsilou,
931 2182 1106 2248 secundam
1121 2205 1197 2249 vero
1209 2187 1282 2271 jota

118 2289 330 2371 scribendam,
362 2291 412 2356 cui
446 2292 488 2356 sit
522 2295 676 2355 accentus
710 2289 744 2353 in
778 2289 885 2374 prima
918 2295 1102 2372 peracutus.
1153 2290 1283 2357 Eleison

118 2400 227 2461 autern
242 2394 387 2461 ·verbum
417 2396 643 2480 imperativum
675 2393 937 2477 tetrasyllabum,
967 2399 1105 2460 accentu
1135 2395 1284 2462 similiter

118 2501 150 2565 iu
179 2500 430 2584 antepenultima
460 2506 556 2566 acuto
576 2502 596 2581 ³,
630 2521 689 2566 nec
718 2498 756 2564 fit
785 2496 1004 2583 diphthongus
1035 2519 1176 2583 uuquam
1205 2522 1283 2566 exe

120 2612 152 2670 et
174 2631 193 2678 η
217 2603 382 2671 vocalibus
397 2604 420 2683 ⁴,
455 2625 519 2689 qua
542 2612 676 2690 propter
700 2625 721 2670 a
744 2605 864 2671 nostris
888 2603 929 2670 ob
950 2606 1161 2688 ignorantiam
1177 2605 1284 2672 Helle-

120 2710 213 2776 nismi
243 2710 327 2775 male
358 2710 456 2794 coepit
482 2711 690 2794 pronunciari
713 2710 773 2776 hoc
798 2715 902 2776 totum
926 2709 1119 2793 kyrieleison
1143 2711 1283 2796 quinque

120 2815 328 2900 syllabarum,
352 2816 444 2899 quasi
467 2838 526 2900 per
549 2816 769 2902 synaloepham
794 2815 879 2881 elisis
902 2815 1076 2882 vocalibus.

208 2922 256 2987 De
285 2920 449 3005 evangelio
478 2921 564 2988 idem
589 2921 676 3008 quod
700 2921 739 2987 dc
764 2920 914 2988 Evandro
938 2919 997 2985 tibi
1017 2921 1175 3006 judicium
1207 2922 1251 2987 sit
1261 2921 1282 2984 ⁵.

120 3025 202 3090 Nam
228 3046 300 3092 cum
324 3032 399 3110 post
422 3049 462 3094 eu
486 3049 625 3095 consona
652 3027 750 3094 litera
783 3027 944 3110 sequitur,
977 3031 1053 3091 tunc
1087 3025 1284 3112 diphthongi,

121 3130 181 3197 hoc
211 3136 263 3197 est
290 3132 426 3199 duarum
456 3155 567 3200 vocum
597 3154 694 3200 sonus
723 3132 885 3198 retinetur
920 3136 955 3195 ut
989 3145 1085 3215 euge,
1114 3131 1284 3212 Eusebius,

121 3236 304 3303 Eunuchus.
350 3242 506 3323 Sequente
529 3259 605 3304 vero
629 3237 741 3322 eliqua
764 3236 876 3318 vocali,
901 3247 1098 3322 compertum
1122 3243 1172 3304 est
1188 3259 1285 3304 enun-

682 3381 700 3420 *

196 3477 206 3524 1
228 3471 287 3524 Gsl.
307 3487 364 3540 cap.
384 3477 407 3523 4.
428 3474 452 3523 6.
467 3474 492 3523 9.
510 3471 562 3529 πῶς
578 3465 728 3538 ἐπιστρέφετε
747 3467 820 3521 πάλιν
840 3468 878 3522 ee
897 3468 927 3522 τὰ
946 3466 1033 3535 ἀσθενῆ
1052 3470 1093 3521 καὶ
1111 3467 1200 3539 πτωχὰ
1219 3486 1285 3522 στοι-

120 3562 182 3629 ysici.
203 3552 237 3620 οἷς
255 3559 328 3612 πάλιν
348 3557 438 3611 ἄνωθεν
458 3557 580 3610 bostrom
598 3555 690 3627 θίλετες
758 3564 772 3609 2
792 3566 837 3610 tun
858 3563 881 3610 2.
949 3563 963 3610 3
983 3560 1063 3610 Dieso
1083 3558 1283 3625 mittheiluugeu

123 3649 245 3700 beuutnto
264 3649 344 3700 liebsl
365 3648 392 3698 in
411 3647 509 3697 seinem
529 3644 719 3713 reichhsltigen
738 3647 946 3698 ssmmclwerlre:
972 3647 1165 3698 Commentario
1190 3648 1284 3715 episto·

123 3736 208 3788 lerum
227 3733 449 3788 conficiendarum
469 3749 490 3784 a.
510 3733 535 3786 b.
554 3733 802 3788 ed.Phoroae1508
823 3736 869 3787 iol.
888 3737 949 3788 irs,
1005 3741 1020 3786 4
1040 3753 1054 3785 o
1073 3737 1115 3787 fiir
1133 3753 1151 3786 ε.
1206 3737 1284 3787 sels

123 3823 322 3889 parellellsteile
341 3836 403 3886 mag
423 3835 470 3871 sus
484 3822 567 3872 ciuem
588 3823 706 3874 seltenen
729 3823 888 3877 schriftchen
906 3825 1043 3892 folgenden
1061 3823 1201 3891 angeihhrt
1221 3841 1284 3875 wer·

124 3912 185 3962 deu:
206 3910 324 3977 Angelus
343 3924 429 3975 graece
442 3910 565 3972 nuncius,
584 3911 665 3962 latine
685 3912 748 3964 hinc
766 3913 941 3979 evangelium.
962 3914 979 3963 i.
998 3914 1096 3964 bonum
1116 3913 1240 3963 nuncium
1259 3919 1285 3964 et

125 3999 201 4050 debet
219 3997 328 4066 proferri
356 4012 444 4047 ouon
470 3999 587 4063 vocalis,
615 4001 660 4052 sed
687 4016 849 4065 consonans,
876 4009 905 4051 nt
929 4017 1021 4052 sonum
1047 4000 1144 4051 habeat
1168 4001 1185 4050 i.
1207 4001 1284 4052 sicut.

123 4084 246 4137 Euander
257 4084 395 4152 Euergitae
409 4092 435 4137 et
454 4085 504 4139 hoc
524 4090 626 4155 quoties
647 4090 749 4142 vocalis
768 4090 856 4157 eliqua
875 4106 907 4141 su
927 4091 1053 4155 sequitur.
1085 4089 1159 4140 Alias
1179 4089 1284 4155 quando

124 4190 156 4224 en
176 4187 322 4224 oonsonsns
340 4175 464 4240 sequitur,
484 4184 546 4228 tuno
565 4177 753 4247 dyphthongus
772 4196 803 4231 sn
823 4195 876 4230 non
896 4178 1030 4244 dividitur,
1051 4179 1096 4230 sod
1115 4180 1210 4230 retinet
1229 4180 1282 4230 vim

124 4276 197 4312 susm
216 4266 245 4310 ut
263 4261 400 4313 Eusebius.
438 4264 535 4317 Auctor
554 4273 594 4317 est
612 4267 730 4320 doaunss
750 4269 868 4335 capnion
888 4267 1042 4335 phorcensis
1063 4269 1096 4331 (A
1115 4268 1165 4335 5⁸).
1198 4268 1283 4319 Euen-

124 4347 222 4423 gslium
240 4349 344 4404 scilicet
363 4351 459 4407 bouum
478 4355 603 4408 nuncium
622 4357 655 4408 sb
676 4372 706 4407 ou
726 4355 794 4427 quod
814 4361 853 4409 est
872 4355 969 4409 bonum
989 4361 1014 4408 et
1027 4356 1149 4429 augelus:
1176 4358 1284 4413 nuntios
