2716 4898
666 290 707 356 11

100 475 232 542 tandem
263 481 381 561 postea
414 475 526 545 florem
563 479 822 565 superinducunt
860 478 926 544 sive
963 500 1162 563 purpureum
1201 478 1268 544 sive

97 582 242 666 quemvis
271 582 388 678 aliumj
417 585 530 651 eodem
558 608 617 652 nos
646 586 758 651 itidem
787 585 881 651 modo
910 585 936 649 si
960 591 997 651 ut
1020 584 1202 650 indelebilis
1225 585 1269 649 sit

96 687 181 772 apud
212 709 274 754 nos
304 688 478 772 probitatis
502 692 638 758 scientia
661 693 823 776 cupimus,
852 712 947 777 quom
972 690 1059 756 hisce
1090 689 1269 774 disciplinis

96 793 255 860 fuerimus
288 795 419 874 imbuti,
447 803 525 862 tunc
554 798 680 864 caeteris
703 818 835 882 operam
860 797 972 862 demus
996 804 1029 862 et
1052 798 1145 881 quasi
1168 796 1267 861 solem

94 901 185 984 prius
215 900 250 964 iu
279 922 365 984 aqua
393 902 503 968 videre
535 904 726 984 assuefacti,
759 902 801 968 ad
824 903 928 985 ipsam
956 923 1064 968 veram
1094 902 1198 968 lucem
1222 903 1269 967 iu-

94 1005 212 1071 tuitum
240 1006 371 1071 tandem
396 1007 579 1092 dirigemus.
626 1011 695 1074 Hoc
725 1009 804 1073 fecit
827 1007 919 1073 divus
943 1008 1176 1092 Hieronymus,
1207 1007 1268 1073 hoc

94 1111 315 1195 Augustinus,
346 1112 407 1178 hoc
437 1114 642 1194 Ambrosius,
674 1114 866 1198 Gregorius,
904 1114 1061 1192 Basilius,
1099 1113 1267 1192 Eusebius,

96 1217 306 1301 Athanasius,
329 1219 466 1285 Ioannes
483 1219 741 1305 Chrysostomus
765 1219 955 1285 Lactantius
979 1240 1017 1283 ac
1042 1219 1179 1303 denique
1204 1240 1269 1284 om-

95 1346 153 1389 nes
185 1323 248 1388 viri
280 1323 553 1405 christianissimi,
583 1327 638 1410 qui
676 1346 779 1410 usque
813 1324 856 1389 ad
890 1330 1039 1408 tempora
1063 1326 1166 1389 sancti
1190 1325 1268 1389 Ber·

94 1429 190 1495 nardi
215 1449 401 1513 pervenere,
424 1436 523 1515 atque
546 1432 579 1496 in
603 1432 711 1517 aliquo
735 1431 844 1515 precio
865 1431 952 1514 apud
976 1432 1115 1514 majores
1139 1434 1267 1495 nostros

95 1536 201 1601 habiti
224 1535 325 1600 fuere.
357 1536 429 1601 Non
452 1542 562 1601 tamen
586 1559 636 1603 me
660 1538 807 1621 praeterit
830 1536 949 1601 multos
972 1557 1035 1601 non
1058 1535 1267 1620 philosophos

96 1641 152 1707 sed
186 1640 432 1725 philopompos,
462 1664 526 1708 non
555 1645 727 1726 magistros
751 1663 918 1706 sacrarum
941 1641 1127 1719 literarum,
1156 1661 1267 1706 verum

94 1747 315 1826 tenebrarum,
336 1768 398 1812 uon
410 1748 627 1832 jurisperitos,
652 1748 709 1812 sed
733 1749 841 1831 potius
852 1747 1082 1831 jurisperditos
1099 1746 1269 1831 legulejos-

96 1875 157 1937 que
183 1873 275 1932 esse,
301 1854 356 1937 qui
380 1861 570 1919 execrantes
593 1855 755 1937 poeticum
779 1875 895 1918 nomen
919 1859 1035 1937 poetas
1065 1853 1205 1918 lasciviis
1229 1874 1268 1918 ao

96 1960 186 2041 nugis
219 1957 353 2023 deorum
385 1959 552 2041 gentilium
587 1960 725 2025 refertos
758 1981 828 2025 esse
859 1959 1054 2042 praedicant,
1088 1979 1189 2042 quare
1226 1958 1268 2023 ab

96 2064 233 2130 urbibus
257 2069 371 2130 autore
396 2065 531 2129 Platone
555 2065 633 2148 pelli
656 2064 845 2148 abolerique
870 2065 1020 2130 debeant.

183 2171 264 2235 Esto
289 2170 487 2236 concedatur
514 2171 585 2235 istis
609 2170 849 2236 detractoribus
876 2176 991 2254 poetas
1015 2171 1188 2236 mendaces
1212 2171 1266 2237 ob-

95 2297 218 2342 scoenos
242 2276 426 2359 petulantes
450 2297 537 2356 esse;
562 2287 678 2341 suntne
702 2278 835 2341 omnes?
858 2276 987 2340 minime
1017 2277 1156 2361 quidem.
1203 2276 1267 2342 Sed

95 2388 129 2448 ut
149 2384 288 2448 istorum
311 2403 434 2466 pravasv
454 2403 493 2447 ac
516 2403 687 2466 perversas
704 2383 870 2465 opiniones
893 2381 1065 2465 infringam
1090 2402 1266 2466 eorumque

94 2486 267 2553 latratibus
291 2487 429 2571 denique
453 2487 666 2567 satisfaciam,
696 2487 776 2571 ipsis
799 2508 858 2570 pro
881 2487 1003 2552 viribus
1026 2487 1179 2570 ingenioli
1202 2487 1266 2551 mei

95 2615 283 2679 responsum
315 2613 386 2658 esse
413 2598 538 2676 putent.
591 2592 624 2658 Si
654 2593 688 2657 in
723 2591 865 2675 legendis
898 2593 1003 2675 poetis
1034 2613 1111 2675 apes
1143 2592 1265 2659 imitati

94 2698 248 2763 fuerimus
265 2719 336 2783 quae
353 2719 416 2763 non
439 2719 563 2778 omues,
588 2698 644 2764 sed
668 2703 794 2763 tantum
818 2696 990 2762 mellifluos
1014 2698 1136 2762 adeunt
1157 2696 1265 2778 flores,

94 2802 262 2869 nonnullos
277 2804 406 2888 penitus
422 2804 609 2891 decerpunt,
634 2804 760 2889 aliquos
776 2804 917 2868 intactos
933 2803 1127 2888 relinquunt,
1151 2804 1265 2869 eodem

94 2931 149 2975 uos
172 2909 286 2975 itidem
310 2910 406 2974 modo
429 2931 493 2975 non
517 2910 666 2975 omnibus
689 2911 793 2993 poetis
815 2911 872 2975 sed
889 2911 1092 2994 praeconibus
1108 2911 1265 2975 virtutum

94 3036 128 3080 ac
158 3015 329 3080 meliorum
361 3014 540 3081 facinorum
571 3038 708 3100 quorum
739 3018 842 3100 major
876 3024 926 3082 est
956 3038 1108 3082 numerus
1132 3036 1264 3099 operam

95 3120 214 3200 demus,
229 3120 288 3185 hos
303 3121 476 3198 imitemur,
492 3121 551 3186 hos
567 3143 772 3201 veneremur,
790 3121 877 3187 hisce
895 3121 1033 3206 denique
1054 3122 1139 3187 omni
1156 3120 1264 3186 studio

94 3247 128 3291 ac
158 3227 239 3291 totis
269 3225 392 3292 viribus
423 3226 645 3292 incumbamus
675 3233 708 3292 et
741 3249 851 3293 omnes
882 3227 1011 3293 demum
1042 3227 1094 3313 (ut
1124 3227 1264 3310 apostoli

93 3331 197 3397 uerbis
223 3328 313 3416 utar)
336 3331 481 3414 legamus
505 3338 539 3397 et
562 3333 648 3417 quod
671 3332 791 3398 bonum
815 3334 857 3398 sit
880 3334 1086 3398 retineamus.

180 3436 243 3503 Sed
268 3437 348 3520 quid
371 3437 496 3502 multa?
519 3460 645 3522 possem
671 3439 931 3522 garrulatoribus
955 3440 1028 3504 istis
1051 3446 1121 3504 tum
1144 3441 1266 3506 autori-

92 3548 158 3608 tate
182 3549 314 3626 patrum
338 3548 523 3608 nostrorum
546 3544 660 3622 fretus,
684 3552 752 3609 tum
777 3545 875 3608 etiam
894 3545 1074 3610 rationibus
1098 3546 1267 3631 exemplis-

92 3669 151 3732 que
176 3647 355 3732 gentilium,
378 3654 416 3713 ut
437 3649 556 3732 optime
572 3652 668 3730 nosti,
692 3648 842 3716 suffultus
859 3650 987 3733 copiose
1005 3671 1042 3715 ac
1059 3651 1267 3718 abundanter

90 3753 277 3833 ostendere,
310 3774 406 3838 quam
440 3755 534 3819 utilia
562 3756 707 3839 jucunda
738 3756 986 3841 necessariaque
1021 3757 1170 3824 omnibus
1197 3758 1266 3825 haec

91 3860 152 3924 sint
177 3858 303 3938 studia,
332 3860 395 3924 nisi
424 3881 563 3940 vererer,
587 3883 627 3925 ue
652 3884 724 3926 cum
748 3862 827 3945 ipsis
852 3862 949 3943 digna
973 3863 1093 3943 dicam,
1117 3864 1197 3928 mihi
1219 3865 1266 3927 in·

89 3964 186 4048 digua
203 3965 323 4029 dixisse
349 3965 469 4030 videar.
516 3967 593 4031 Haec
617 3967 660 4031 ad
684 3975 717 4032 te
742 3973 926 4051 propterea,
949 3968 1088 4034 Ioannes
1112 3969 1266 4034 amantis-

90 4071 178 4149 sime,
202 4070 370 4136 verbosius
386 4092 483 4154 quam
497 4073 665 4157 opportuit
681 4077 838 4156 tanquam
856 4072 897 4137 ad
914 4080 1054 4156 portum,
1078 4079 1266 4157 patronum-

90 4196 151 4259 que
176 4196 215 4240 ac
239 4176 435 4241 tutissimum
459 4178 617 4261 refugium
642 4178 948 4263 receptaculumque
966 4179 1265 4246 literatissimorum

89 4281 255 4347 hominum
272 4283 412 4362 exarari,
436 4288 473 4348 ut
495 4283 572 4349 viris
596 4283 750 4349 studiosis
774 4284 1022 4369 liberaliumque
1040 4285 1160 4349 artium
1177 4287 1266 4371 cupi·

89 4385 137 4453 dis
162 4387 365 4488 subuenires,
389 4388 548 4472 dignitati,
572 4389 695 4474 gloriae,
720 4391 823 4471 laudi,
847 4389 1048 4474 utilitatique
1065 4390 1264 4475 Reipublicae
