2716 4898
653 292 713 357 197

91 478 237 545 animum
272 499 349 565 erga
381 500 433 546 mo
466 477 557 546 ducis
589 482 659 545 κατ’
684 476 790 572 ἐξοχὴν
826 483 978 551 ostendit.
1025 485 1126 566 Quem
1149 488 1177 555 si
1199 511 1263 557 non

92 584 279 670 diligerem,
308 584 406 653 immo
434 584 463 653 si
493 607 557 652 non
580 589 718 653 maxime
742 609 886 656 amarem
909 595 942 656 et
965 612 1029 657 non
1060 595 1193 660 maximi
1216 595 1263 661 fa-

92 712 215 772 cerem,
246 689 486 776 ingratiseimus
514 697 548 758 et
578 692 627 757 tui
655 693 813 760 absimilis
844 715 914 762 esse
940 696 1014 780 jure
1038 698 1158 782 optimo
1177 700 1264 784 judi-

92 818 196 864 carer.
242 797 310 883 ligo
334 818 411 864 voro
434 816 498 864 non
521 803 650 864 tantum
674 820 756 881 amo,
781 822 892 867 verum
916 801 1016 867 etiam
1039 802 1176 870 observo
1192 810 1262 871 tan·

91 908 161 969 tum
194 900 384 987 prinoipem,
417 923 482 988 quo
510 903 619 970 nullus
648 904 681 969 in
711 905 846 993 imperio
878 907 1022 973 Romano
1045 910 1262 992 praestantior,

92 1008 202 1074 nullus
231 1005 371 1090 firmior,
398 1008 506 1076 nullus
537 1009 789 1092 formidabilior,
812 1012 904 1096 cujus
929 1033 1000 1097 ope,
1028 1015 1119 1098 cujus
1144 1015 1261 1081 auxilio

92 1113 314 1198 injustissimis
338 1114 626 1182 calumniatoribus
650 1115 745 1182 facile
762 1116 922 1198 resistam,
946 1118 1122 1186 accedente
1136 1122 1261 1204 pariter

92 1218 256 1305 adjutorio
279 1220 343 1285 mei
367 1219 485 1287 ducis¹
510 1221 566 1306 qui
589 1243 640 1287 me
662 1242 726 1287 non
750 1221 889 1304 deseret,
914 1223 971 1290 sed
992 1246 1076 1290 nuno
1092 1227 1124 1290 in
1142 1227 1259 1293 castris

93 1331 143 1391 est
167 1324 379 1392 Caesareauis.

182 1431 258 1496 Fuit
280 1432 378 1515 igitur
401 1430 494 1497 officii
516 1430 581 1497 mei
613 1439 740 1516 gratum
771 1455 821 1499 me
844 1434 1009 1501 Friderioo
1032 1443 1144 1502 nostro
1170 1437 1256 1503 exbi-

91 1534 189 1617 bere,
222 1537 314 1621 cujus
348 1537 582 1622 pollicitatione
616 1538 703 1604 haud
739 1539 948 1605 mediocriter
971 1539 1154 1608 delectatus
1179 1531 1259 1609 sum.¹

92 1640 178 1707 Nam
202 1641 380 1708 Murano*
402 1641 451 1709 illi
471 1642 642 1728 utriusque
665 1649 811 1710 nostrum
834 1645 1055 1711 amantissimo
1078 1645 1146 1711 haec
1162 1648 1262 1715 verba

96 1747 194 1815 dixit:
224 1747 285 1828 „So
301 1747 425 1815 hallten
441 1746 499 1815 wir
513 1748 596 1815 auch
613 1749 769 1814 Rouclrlin
785 1748 838 1815 fur
854 1749 947 1816 ainen
964 1749 1262 1818 fiirtreffennlicben

91 1874 210 1934 mann,
243 1853 330 1918 unnd
363 1853 478 1920 wellen
502 1854 557 1919 lue
589 1855 638 1920 nit
671 1855 769 1920 laben
800 1854 1001 1921 hinziehen“.
1048 1855 1114 1922 Sed
1135 1857 1169 1922 in
1192 1861 1259 1923 tam

92 1956 182 2027 brevi
206 1962 353 2044 tempore
376 1959 461 2025 inter
484 1965 534 2026 tot
556 1959 723 2026 molestias
747 1980 907 2047 curasque
931 1961 1009 2047 quid
1024 1983 1153 2047 possem
1175 1963 1262 2048 digni

91 2066 237 2131 muueris
261 2064 468 2133 retribuere?
498 2087 570 2131 oum
598 2067 667 2150 jam
701 2072 778 2152 toga
808 2067 904 2133 cedat
926 2068 1044 2149 armis,
1075 2090 1139 2135 non
1169 2090 1262 2135 arma

93 2178 187 2257 togae,
213 2173 275 2239 nisi
298 2172 422 2261 aliquid
445 2178 730 2258 quantumcunque
762 2173 921 2239 minutum
945 2174 1110 2241 chartario
1134 2175 1259 2241 calamo

92 2277 262 2359 excudam,
286 2299 350 2363 quo
373 2283 488 2363 pateat
509 2300 561 2344 me
578 2277 742 2345 beneficiis
764 2279 939 2361 incensum,
963 2279 1120 2345 Frideriei
1136 2301 1261 2346 summa

91 2385 213 2450 virtute
236 2384 391 2470 principis
414 2383 548 2470 gloriam
573 2384 699 2466 ardere,
723 2405 762 2450 ac
785 2405 901 2450 nomen
925 2384 1046 2465 colere,
1078 2384 1261 2450 colendum·

88 2513 151 2577 que
183 2490 332 2557 omnibus
362 2489 529 2571 exhibere,
554 2497 807 2575 propterquam
833 2496 866 2555 et
888 2490 1074 2574 prosapiam
1098 2490 1261 2556 Saxonum

87 2596 297 2683 patriamque
321 2597 498 2682 Mysiorum
522 2603 555 2662 et
578 2597 811 2682 Tyregetarum
835 2593 971 2679 populos
996 2594 1216 2660 carlmanni

176 2702 273 2769 Hunc
302 2702 402 2788 igitur
428 2702 575 2768 libellum
603 2707 768 2788 utcunque
799 2700 892 2786 potui
916 2700 1039 2784 exiguis
1063 2700 1262 2766 lucubratio-

87 2809 186 2876 nibus
215 2808 321 2891 edidi,
357 2830 453 2894 quem
486 2808 530 2874 ad
552 2813 585 2875 te
608 2809 721 2888 mitto,
756 2813 794 2873 ut
829 2812 863 2872 et
892 2807 981 2892 legas
1012 2813 1046 2873 et
1077 2806 1155 2892 quid
1184 2808 1263 2872 insit

87 2914 231 3002 principi
254 2915 416 2981 ostendas.
463 2915 558 2981 Mitto
584 2915 683 2980 etiam
709 2913 848 2980 Caesaris
864 2912 1055 2978 Mandatum
1078 2913 1111 2978 in
1135 2934 1198 2998 quo
1223 2935 1263 2978 ex

88 3022 179 3089 omni
200 3026 296 3107 parte
320 3022 406 3087 inter
429 3042 488 3087 nos
511 3042 625 3105 pacem
649 3020 791 3104 imperat
815 3024 849 3084 et
872 3018 1044 3086 silentium.
1090 3020 1134 3085 At
1164 3041 1263 3105 quum

88 3128 150 3195 soli
178 3124 333 3193 ductores
369 3127 446 3194 belli
482 3127 645 3210 expressis
679 3127 711 3190 in
749 3125 862 3192 eodem
897 3125 1005 3191 verbis
1036 3126 1261 3191 nominantur:

88 3232 302 3314 Pfefferkoru,
326 3232 489 3299 Arnoldus
513 3237 547 3297 et
570 3231 737 3312 Reuchlin,
761 3253 818 3298 oro
842 3237 879 3297 ut
902 3231 1073 3316 diligenter
1096 3230 1184 3315 apud
1207 3230 1265 3296 du·

90 3339 306 3419 commetes,
342 3360 402 3404 sua
436 3337 756 3422 magnificentissima
789 3335 966 3403 dominatio
997 3335 1148 3420 dignetur
1176 3335 1265 3419 apud

88 3447 327 3531 Imperatorem
343 3466 440 3529 super
456 3466 494 3511 oo
507 3444 660 3510 mandato
672 3443 924 3509 declarationem
937 3442 1126 3525 impetrare,
1139 3440 1265 3505 seilicet

75 3551 171 3647 ‘qnid
193 3550 328 3616 intentio
352 3551 534 3635 Majestatis
558 3570 635 3615 suae
659 3550 757 3615 fuerit
780 3549 880 3614 etiam
904 3546 943 3611 de
965 3545 1207 3611 adhaerentibus
1232 3551 1266 3610 et

77 3652 292 3744 ¹·'quibuslibet
318 3677 377 3722 sua
405 3656 456 3721 vel
483 3657 618 3722 alterius
644 3656 803 3720 interesse
834 3651 1041 3738 putantibus,
1073 3673 1174 3737 quare
1203 3651 1264 3717 hoo

91 3758 283 3828 mandatum
305 3782 370 3828 non
393 3762 496 3828 solum
524 3762 568 3827 ad
590 3761 786 3840 nominatoS,
820 3759 877 3826 sed
909 3759 1007 3824 etiam
1031 3758 1073 3823 ad
1096 3757 1265 3823 universos

92 3876 127 3936 et
151 3867 295 3952 singulos
318 3867 522 3933 adhaerentes
549 3867 695 3934 fautores
719 3872 752 3932 et
775 3887 833 3932 sua
863 3865 913 3931 vel
942 3865 1077 3931 alterius
1108 3864 1265 3947 cujusque

90 3975 252 4042 interesse
288 3978 443 4058 putantes
475 3974 713 4040 extendendum
749 3979 783 4039 et
817 3977 983 4038 extentum
1015 3990 1085 4036 esse
1117 3967 1266 4033 Caesarea

674 4137 692 4176 ³1:

167 4250 178 4296 1
200 4244 295 4313 Ducis]
308 4244 404 4311 herzog
414 4243 503 4295 Ulrieh
518 4261 569 4295 von
581 4243 774 4310 Wlirtemberg.
843 4247 857 4292 2
877 4239 1006 4308 Mutiauo]
1020 4237 1074 4304 vgl.
1086 4237 1153 4288 oben
1165 4235 1265 4287 Reueh-

91 4335 130 4387 lin
150 4350 183 4384 an
203 4335 305 4384 Mutina
324 4338 356 4384 22
371 4335 439 4400 Aug.
456 4334 531 4384 1513.
605 4337 620 4384 3
642 4332 701 4410 Vgl,
716 4331 858 4394 [teuehlioe
874 4328 983 4384 vorrede
1001 4344 1058 4379 aum
1076 4326 1266 4385 Constantinus

93 4438 217 4500 magnus.
255 4421 330 4483 Obcn
350 4438 406 4480 uro.
426 4421 529 4480 CLXV.
