2716 4898
638 296 703 365 221

80 481 233 567 dicatam,
266 484 311 550 ad
342 506 448 552 meam
470 484 660 554 instantiam
691 485 777 553 datan
799 492 875 554 sunt
898 488 1141 571 executoriales
1174 512 1258 576 quas

80 590 180 655 ctiam
215 591 289 657 istis
323 590 492 676 colligatas
526 592 784 677 paternitatibus
813 613 942 679 quoqne
984 595 1100 662 vestris
1123 597 1218 663 mitto
1237 599 1257 664 ¹.

79 695 127 761 Ex
143 695 266 781 quibus
283 697 432 763 omnibus
449 699 658 783 cognoscetis,
674 698 758 764 male
774 698 980 766 adversarios
996 699 1120 782 fecisse,
1136 723 1253 769 nomen

79 822 189 868 meum
211 803 247 867 in
269 803 424 869 universa
446 804 684 870 christianitate
708 804 755 871 sic
780 803 977 885 infamando,
1008 827 1081 871 cum
1104 807 1166 890 ipsi
1189 807 1257 873 lne-

79 907 146 973 rint
170 909 243 992 ejus
276 907 372 973 famae
406 908 557 976 malevoli
579 916 720 990 autores,
747 915 784 976 et
806 909 905 976 iidem
926 911 990 994 ipsi
1012 910 1201 978 scandalum
1223 919 1258 979 et

82 1012 311 1081 offendiculum
333 1014 453 1100 plebi²
475 1016 654 1099 posuerint,
678 1036 745 1081 non
770 1036 845 1099 ogo,
869 1016 956 1100 quod
979 1022 1089 1083 tamen
1121 1018 1257 1085 scanda-

81 1115 146 1185 lum
170 1141 212 1186 ex
233 1119 313 1205 ipsis
336 1125 445 1187 ortum
463 1121 533 1206 jam
556 1121 597 1188 de
620 1121 731 1207 gratia
754 1121 824 1203 Dei,
852 1122 987 1206 justicia
1008 1123 1182 1205 mediante,
1205 1145 1256 1192 so-

87 1225 187 1309 pitum
211 1231 273 1293 cst.

170 1331 353 1410 amavero
377 1331 465 1417 apud
486 1332 654 1399 indoctum
677 1331 791 1415 vulgus
819 1329 939 1418 ubique
967 1333 1093 1400 famant
1116 1355 1151 1402 se
1174 1334 1256 1402 velle

94 1436 170 1520 apud
193 1443 320 1505 vestras
344 1437 632 1504 excellentissimas
671 1438 913 1523 paternitates⁸
936 1439 1118 1525 impetrare
1143 1446 1258 1507 contra

94 1560 134 1609 ne
166 1549 268 1629 atque
300 1543 446 1610 libellum
479 1566 586 1611 meum
615 1543 746 1610 oculare
777 1544 944 1627 speculum
982 1565 1115 1625 novam,
1148 1545 1256 1611 nescio

96 1667 194 1731 quam,
216 1649 471 1715 declarationem
495 1671 553 1716 seu
576 1649 898 1730 determinationem,
929 1671 988 1734 ego
1020 1655 1178 1735 quantum
1200 1671 1257 1733 po·

93 1754 160 1835 tero,
182 1755 362 1822 humillime
385 1761 462 1839 peto
485 1761 522 1820 ut
553 1776 605 1819 ma
628 1753 789 1821 iacturam
815 1760 959 1820 uestram
991 1777 1055 1822 non
1079 1754 1256 1822 destruatis

92 1861 216 1946 neque⁴
247 1860 289 1926 de
313 1861 435 1945 gremio
460 1867 494 1925 et
516 1860 557 1926 de
580 1881 715 1945 corpore
739 1867 847 1926 vestro
871 1860 1055 1927 membrum
1078 1883 1130 1927 me
1160 1861 1257 1926 laeda

88 1960 132 2030 tia
188 1967 265 2033 Sum
301 1965 416 2032 enim⁵
459 1965 617 2032 scholaris
654 1966 874 2032 universitatis
913 1967 1105 2034 Parisiensis
1137 1967 1257 2051 egregii

85 2072 244 2150 quondam
267 2072 436 2155 theologiae
459 2070 602 2138 doctoris
625 2071 745 2138 domini
774 2072 910 2139 loannis
942 2072 983 2139 de
1008 2073 1133 2158 Lapidc
1162 2073 1257 2139 disci-

77 2178 175 2253 pulus
209 2179 244 2243 in
279 2178 425 2244 Serbona
442 2178 468 2258 ⁶,
505 2184 538 2244 et
572 2183 688 2263 postea
723 2177 921 2244 Marchionis
959 2178 1134 2257 Badensis,
1172 2200 1256 2245 nunc

76 2273 233 2369 Episcopi
256 2284 474 2369 Trajectensis
497 2282 748 2368 condiscipulus,
777 2284 941 2369 quondam
976 2284 1020 2350 ad
1042 2284 1143 2350 solem
1166 2284 1257 2350 habi·

73 2384 153 2455 taus
184 2390 220 2454 in
251 2390 327 2456 via⁷
361 2390 391 2455 S.
415 2390 547 2470 Jacobi,
578 2395 654 2455 ante
687 2410 788 2454 annos
819 2389 847 2454 si
876 2390 945 2456 rite
969 2391 1123 2456 recordor
1146 2395 1198 2470 45,
1223 2396 1256 2454 et

72 2481 240 2560 hactenus
263 2494 357 2561 almae
380 2496 478 2560 matri
500 2501 620 2562 nostrae
644 2494 820 2561 Parisiensi
852 2495 1058 2561 universitati
1086 2517 1151 2561 non
1182 2516 1256 2578 par-

72 2610 154 2667 vam
189 2600 319 2666 landem
354 2601 451 2667 attuli
480 2601 669 2681 scribendo,
702 2600 873 2686 loquendo,
906 2600 1060 2681 docendo,
1094 2605 1132 2666 ut
1154 2621 1256 2683 opera

72 2715 193 2775 nostra
211 2706 224 2746 ⁸
245 2707 401 2774 indicant.
448 2707 515 2773 Neo
539 2706 641 2774 ullam
666 2707 696 2772 ei
719 2704 878 2771 maculam
902 2726 961 2790 per
984 2705 1114 2772 oculare
1143 2727 1255 2791 specu-

72 2802 144 2879 lum
168 2813 280 2894 inussi,
315 2813 403 2899 qnod
437 2818 545 2879 stante
577 2833 651 2879 mea
680 2811 899 2879 declaratione
923 2811 1020 2879 simul
1043 2818 1077 2879 et
1098 2812 1131 2877 in
1154 2811 1256 2879 conti-

72 2920 170 2985 nenti
193 2919 294 2999 edita,
326 2925 396 2985 turn
428 2919 532 2985 latina
563 2939 658 3003 quarn
685 2917 851 2984 teutonica
873 2917 954 2983 nihil
976 2919 1121 2986 continet
1143 2938 1181 2985 ac
1205 2938 1256 2984 as-

72 3026 161 3092 serit
184 3025 431 3106 scandalosum‚
466 3025 546 3090 nihil
579 3031 693 3091 contra
726 3024 898 3090 ecclesiam
940 3023 1133 3092 catholicam
1151 3023 1183 3107 ⁹,
1217 3030 1256 3092 ut

72 3138 173 3214 patet
196 3133 317 3197 acriter
338 3132 486 3197 intuenti.

170 3238 278 3318 Quare
318 3237 360 3303 ad
394 3259 450 3304 vos
482 3237 647 3321 integrum
682 3235 812 3303 oculare
835 3236 1002 3322 speculum
1030 3237 1134 3318 mitto,
1167 3235 1255 3320 quod

72 3344 261 3412 adversarii
294 3349 482 3409 truncatum
517 3349 550 3409 et
582 3341 768 3408 mutilatum
803 3342 877 3409 dolo
907 3342 992 3408 malo
1017 3340 1254 3420 cncumtulere,

72 3468 145 3537 qno
168 3449 299 3517 facilins
322 3448 486 3535 quoslibet
508 3447 658 3515 doctores
682 3448 744 3514 sibi
767 3448 971 3514 consulentes
1002 3447 1036 3511 in
1068 3468 1160 3512 suam
1184 3447 1255 3530 opi·

72 3558 208 3624 irionem
231 3555 404 3622 adversum
433 3577 484 3622 me
507 3552 685 3620 traherent.
716 3553 854 3620 Habetis
879 3553 1108 3619 sacratissimae
1131 3550 1256 3618 theolo-

72 3665 138 3749 giae
162 3663 342 3731 doctissimi
363 3661 513 3728 doctores
537 3668 570 3728 et
592 3660 793 3745 integerrimi
815 3666 938 3744 patres,
962 3679 1120 3724 summam
1148 3678 1255 3724 causae

74 3791 160 3837 meae
200 3776 359 3855 quantum
385 3767 455 3834 fieri
481 3769 590 3854 potnit
618 3766 757 3834 celerius
780 3765 822 3831 ad
849 3786 904 3831 vos
933 3764 1010 3831 licet
1033 3763 1254 3847 perfunctorie

77 3878 223 3959 missam,
247 3876 368 3962 primo:
397 3875 563 3960 integrum
585 3873 716 3943 oculare
745 3870 929 3958 speculum,
959 3869 1116 3937 secundo:
1140 3889 1255 3955 pacem

661 4003 678 4040 a

155 4102 168 4150 1
189 4096 397 4164 Verurthcilung
409 4095 601 4147 Hochstratcns
619 4092 647 4142 in
665 4091 707 4143 die
725 4091 819 4142 kostsn
840 4095 874 4141 24
889 4090 966 4158 April
982 4092 1062 4151 15143
1082 4088 1137 4155 vgl.
1153 4085 1254 4138 Reueh-

81 4186 120 4239 lin
138 4186 199 4240 304'.
274 4184 391 4236 2Plaebi
417 4189 440 4237 2.
514 4180 793 4234 3Exccllcntissimas
816 4195 890 4246 ausg.
917 4183 941 4230 2.
965 4181 990 4228 3.
1065 4175 1195 4240 4Meque
1212 4190 1254 4238 uo,

85 4278 108 4325 2.
127 4280 151 4328 3.
225 4273 322 4340 ngl.
349 4289 383 4324 zu
407 4270 466 4324 dem
484 4269 625 4339 folgenden
650 4268 701 4319 den
718 4268 789 4320 brici
809 4283 843 4317 an
863 4267 948 4319 Faber
967 4268 998 4317 31
1020 4267 1088 4332 Aug.
1111 4266 1177 4314 1513
1196 4279 1254 4313 nro.

85 4362 195 4416 otxxr.
269 4361 424 4415 dSorbona
444 4364 467 4412 3.
542 4357 645 4409 'lVico
665 4360 688 4406 2.
710 4361 734 4408 3.
809 4356 1107 4421 8Nost1uopcrn23,
1181 4352 1255 4407 bric

87 4453 177 4504 asserit
194 4450 248 4504 und
267 4450 427 4502 catholicam
447 4448 545 4518 arisgcl.
566 4451 590 4497 2.
611 4449 635 4495 3.
