2716 4898
653 275 693 339 41

89 465 231 531 minibus
259 464 394 547 referta;
426 488 512 531 unus
532 465 713 532 Germania
735 474 855 532 nostrae
879 466 1065 543 thesaurus,
1099 486 1161 549 qno
1186 485 1256 529 sum

88 571 141 636 nti
165 570 281 636 solitus
304 592 431 655 sempe-r
453 592 512 654 pro
537 571 634 636 animi
656 572 720 636 mei
743 573 911 638 sententia.
949 571 1060 636 Trium
1075 571 1173 653 igitur
1188 569 1258 653 pbi-

90 676 339 760 losophororum
370 677 410 742 de
440 676 548 742 Verbo
579 675 712 741 mirifico
743 676 995 760 disputationem
1026 677 1144 759 accipe,
1176 695 1257 759 quos

91 781 180 846 iuter
202 803 237 847 se
262 780 313 865 (ut
343 787 503 847 sectarum
528 783 746 847 controversia
770 776 884 866 cogere
908 779 1035 864 debuit)
1060 781 1292 846 altercantes·

89 885 178 966 finxi,
202 908 266 971 quo
290 889 390 970 magis
414 887 576 953 elucescat
599 887 726 953 occulta
742 909 907 953 sacrorum
931 887 1093 952 nominum
1114 885 1257 969 proprie-

90 999 153 1057 tas.
195 993 243 1057 De
261 991 376 1076 quibus
394 999 426 1056 et
449 991 489 1057 de
513 996 563 1057 tot
586 1014 718 1058 numero
742 999 841 1077 atque
865 992 965 1058 tantis
981 993 1100 1058 unum¹
1125 989 1256 1057 tandem

91 1118 244 1180 supreme
273 1097 401 1182 quidem
427 1097 440 1136 2
463 1096 630 1163 mirificum
664 1097 912 1182 beatificumque
936 1097 1028 1163 uobis
1052 1094 1189 1179 eligendi
1212 1094 1258 1158 fa-

90 1202 211 1267 cilior³
234 1209 407 1286 praestetur
423 1204 557 1269 occasio.
596 1205 638 1268 Et
661 1210 697 1268 ut
720 1205 809 1269 brevi
833 1210 1022 1286 argumento
1046 1223 1114 1266 rem
1131 1221 1257 1267 omnem

90 1329 280 1390 cognoscas:
305 1309 453 1373 Sidonius
470 1309 508 1374 dc
526 1310 635 1374 schola
652 1310 783 1393 Epicuri
806 1310 944 1392 primum
968 1313 1116 1391 putatne,
1141 1303 1256 1370 deinde

89 1414 240 1478 inventus
263 1413 296 1478 iu
319 1415 438 1478 nullius
463 1414 561 1479 verba
581 1415 718 1497 jurasse,
743 1413 976 1497 omniphariam
1001 1415 1014 1452 ⁴
1037 1411 1257 1498 philosophus,

89 1518 270 1602 cupiditate
294 1520 438 1583 discendi
461 1539 595 1603 peregre
623 1518 848 1602 proficiscitur,
871 1527 946 1602 post
970 1517 982 1553 ⁵
1006 1517 1108 1581 multa
1136 1517 1257 1599 ingres-

90 1645 145 1688 sus
172 1623 334 1702 Sueviam,
364 1624 571 1708 philosophos
595 1624 676 1689 duos
708 1625 739 1687 in
772 1624 891 1709 oppido
924 1623 1067 1689 Phorcen
1098 1619 1255 1686 convenit.

91 1728 286 1793 baruchiam
302 1728 475 1794 Hebraeum
499 1735 531 1794 et
553 1729 748 1812 Capnionem
768 1731 779 1767 ⁸
796 1729 1024 1807 Christianum,
1048 1749 1120 1791 curn
1140 1725 1257 1810 quibus

90 1833 129 1897 de
155 1833 255 1898 variis
279 1833 456 1919 disciplinis
480 1843 578 1918 atque
595 1855 669 1898 mox
692 1835 731 1898 de
757 1835 828 1918 ipsa
852 1833 1030 1899 divinarum
1048 1841 1081 1897 ct
1104 1832 1258 1897 bumanass

90 1960 161 2003 rum
186 1960 296 2002 rerum
320 1940 454 2003 scientia
477 1939 619 2016 disserit,
644 1940 684 2004 de
708 1941 866 2023 opinione,
893 1939 904 1977 ⁷
929 1939 968 2002 de
992 1937 1066 2016 fide,
1098 1937 1138 2002 de
1162 1935 1258 2000 mira-

91 2044 181 2122 culis,
207 2043 247 2108 de
273 2044 447 2110 virtutibus
473 2044 641 2109 verborum
666 2052 699 2109 et
724 2046 736 2082 ⁸
759 2045 943 2129 figurarum,
968 2044 1007 2108 de
1032 2043 1161 2108 arcanis
1184 2063 1258 2125 ope-

94 2149 276 2215 rationibus
308 2157 341 2214 et
370 2151 531 2234 mysteriis
564 2150 809 2233 signaculorum.
864 2151 933 2215 Hoc
967 2151 1061 2215 modo
1097 2148 1259 2212 nniversa-

94 2278 164 2321 rum
189 2257 334 2338 gentium
359 2278 429 2340 quae
453 2256 562 2340 aliqua
587 2257 756 2321 excellenti
780 2257 925 2340 polleant
954 2253 1170 2341 philosophia,
1200 2256 1258 2316 aut

84 2351 153 2427 'non
185 2360 401 2426 illiberalibus
431 2362 612 2427 cerimoniis
643 2370 675 2426 et
704 2371 833 2427 sacrata
860 2363 990 2426 nomina
1021 2367 1054 2425 et
1077 2358 1255 2424 consecrat

93 2467 301 2532 characteres
317 2468 349 2531 iu
366 2469 574 2551 quaestiorrem
592 2467 747 2547 incidunt,
771 2466 808 2532 fit
824 2468 1022 2532 enumeratio
1040 2465 1257 2552 symbolorum

93 2572 270 2655 asingulis
294 2595 352 2656 pro
376 2596 442 2639 suae
466 2580 562 2639 sectae
585 2576 650 2640 ritu
674 2575 857 2656 diligenter,
881 2595 984 2656 usque
1012 2573 1089 2636 dum
1113 2569 1257 2654 Capnion

92 2678 122 2741 in
138 2677 224 2743 libro
241 2679 339 2743 tertio
357 2680 409 2744 vix
425 2680 555 2744 tandem
573 2703 612 2745 ex
634 2679 781 2745 omnibus
797 2679 897 2744 sacris
913 2699 1011 2743 unum
1028 2676 1126 2742 lhsuh
1141 2695 1258 2739 nomen

94 2782 230 2866 colligit,
256 2784 289 2847 in
305 2785 397 2868 quod'
413 2786 554 2850 omnium
575 2807 740 2852 sacrorum
757 2787 859 2850 virtus
878 2784 889 2822 ⁹
906 2785 972 2849 sive
992 2784 1019 2822 ¹⁰
1042 2787 1187 2867 potestas
1209 2802 1258 2844 rc-

92 2888 213 2968 lertnr,
247 2889 334 2973 quod
363 2896 412 2954 est
443 2913 570 2975 semper
599 2898 631 2956 et
660 2914 756 2975 super
779 2891 886 2955 omnia
909 2889 1124 2954 benedictum.
1171 2886 1213 2949 At
1231 2885 1256 2923 ¹¹

92 3016 175 3058 nunc
200 2994 306 3077 ipsum
330 2994 495 3060 Sidonium
519 2998 697 3062 audiamus.

186 3108 201 3162 1
221 3123 263 3159 =
279 3087 621 3179 Autograph'Rcuchlins
637 3108 666 3165 in
689 3109 741 3165 der
757 3107 874 3165 Baseler
896 3100 1151 3169 universitatsbibl.
1166 3098 1201 3157 A.
1219 3097 1256 3156 N.

662 3275 679 3312 ὃ

148 3390 275 3436 ltantum
288 3390 342 3435 12.
390 3387 469 3437 avor
482 3385 586 3452 quidem
600 3387 671 3437 beuti
687 3389 883 3455 ausgestrichen
898 3393 918 3438 1.
965 3384 1129 3437 3t'acilius2.
1175 3385 1257 3429 lorn-

90 3474 212 3523 niiariam
227 3477 251 3523 2.
266 3476 289 3522 3.
343 3477 358 3525 5
379 3475 430 3524 Vor
443 3485 501 3542 post
516 3477 557 3526 ein
570 3494 634 3543 puur
648 3477 820 3528 unleserliche
840 3475 1003 3526 buohstaben
1022 3468 1218 3538 ausgestrichen
1235 3473 1258 3516 1.

92 3564 173 3629 tCap
189 3562 298 3612 Nioncm
316 3570 337 3613 1.
394 3570 407 3613 7
422 3565 453 3614 de
474 3566 596 3631 opinione
613 3565 850 3631 iibergesehrieben
867 3569 888 3614 l.
945 3561 1046 3613 8Nach
1066 3571 1091 3611 et
1108 3560 1259 3610 charactere

91 3649 293 3718 ausgestrichen
309 3658 329 3700 l.
374 3656 388 3701 9
401 3656 483 3702 virtus
495 3655 550 3702 sive
563 3659 679 3720 potestas
693 3670 733 3704 am
746 3654 825 3703 raud'e
842 3654 952 3703 refertur
965 3658 986 3701 1.
1031 3648 1134 3716 lbsive]
1149 3655 1225 3714 atque
1234 3651 1258 3698 3.

95 3745 120 3787 11
136 3743 170 3790 nt
179 3753 251 3789 nune
267 3746 288 3790 1.
309 3724 381 3790 llber
394 3741 441 3790 das
455 3744 534 3803 warh,
548 3742 605 3792 dem
619 3742 703 3792 dieser
715 3742 785 3792 briel'
794 3742 834 3791 als
848 3740 956 3792 vorrede
970 3740 1048 3800 dient,
1061 3738 1116 3803 vgl.
1131 3736 1259 3788 Reuohlin

91 3843 112 3875 s.
134 3829 185 3877 118
205 3828 248 3877 bis
271 3832 327 3880 184.
366 3832 430 3881 Dem
450 3830 738 3896 widmungsschreiben
762 3830 826 3896 geht
848 3833 874 3880 in
894 3829 943 3879 den
968 3828 1105 3894 ausgnben
1131 3827 1172 3876 ein
1192 3825 1262 3876 brief

92 3916 137 3965 des
157 3917 263 3967 Conratl
283 3918 439 3968 Leontorius
460 3936 491 3968 an
511 3919 599 3969 Jahob
620 3919 791 3985 Wimpfeling
811 3919 922 3984 (Speier,
941 3922 971 3967 21
988 3914 1062 3982 April
1078 3916 1155 3980 1494)
1168 3929 1258 3975 vorun,

93 4005 206 4056 welcher
229 4006 312 4056 viulas
336 4022 394 4056 zum
422 4008 481 4057 lohe
502 4007 645 4059 Reuchlins
670 4008 722 4057 und
749 4008 835 4057 seines
861 4005 962 4056 werkcs
990 4003 1103 4064 enthhlt,
1128 4002 1181 4052 und
1200 4002 1258 4051 cine

92 4094 255 4160 auizbhlung
274 4096 360 4145 seiner
378 4096 512 4157 schriftcn,
532 4096 574 4146 dic
594 4097 652 4146 dem
666 4096 817 4162 gleiohfalls
830 4095 873 4145 bei
888 4093 1034 4145 Amerbach
1053 4090 1257 4141 erseheineuden

91 4181 354 4249 gelehrtenhataloge
374 4184 517 4234 'lritheims
542 4187 581 4234 als
606 4185 723 4234 material
744 4200 789 4233 nur
816 4185 971 4250 biographie
996 4180 1137 4231 Renchlins
1163 4178 1256 4228 dienen

93 4269 176 4321 sollte.
217 4271 275 4336 vgl.
297 4271 338 4320 die
366 4273 474 4322 letatere
500 4277 525 4322 in
546 4273 684 4335 Trithemii
709 4290 767 4339 opp.
786 4272 846 4322 hist.
867 4271 906 4322 erl.
927 4271 1021 4320 Freher
1040 4268 1158 4335 (Franks.
1179 4270 1256 4330 1601)

93 4359 131 4408 rol
146 4360 156 4409 1
169 4376 189 4409 s.
208 4363 255 4409 171
273 4376 320 4426 sq,
339 4361 393 4411 und
411 4378 430 4410 s.
446 4364 496 4412 389
516 4362 569 4413 und
588 4363 638 4413 den
655 4363 725 4413 brier·
741 4363 787 4412 das
805 4361 960 4412 Leontorius
980 4367 1059 4408 unten
1071 4372 1125 4407 uro.
1139 4353 1258 4406 XLVlll.
