2716 4898
656 258 698 324 88

92 454 223 523 eor-'dits
243 457 355 518 comitis
376 453 563 528 epistolarum
584 453 652 514 libri
673 458 796 528 quatuor
815 448 818 475 ²
836 452 868 511 O.
887 452 921 512 0.
938 470 966 511 u.
982 452 1012 511 J.
1029 448 1193 529 (jedenfalls
1208 468 1250 511 sor

97 568 196 640 1514)
212 565 252 623 nl.
269 561 429 634 lotntm
456 559 580 620 aze.
598 577 624 620 v.
643 561 774 633 ense
801 561 923 619 3=u
941 577 968 619 r.
985 575 1012 619 e.
1028 554 1118 632 onb3
1143 556 1250 618 szc.
1307 540 1310 575 ¹

95 663 360 734 meumst&

579 784 783 850 LXXXXIV.
851 812 854 817 ·

168 878 305 944 stuttgart.
1011 879 1045 924 24
1066 875 1131 924 Dec.
1154 873 1226 924 1505.

302 962 495 1039 ‚Iohannes
512 961 697 1036 Reuohliu
716 989 765 1035 an
785 963 891 1036 einen
911 962 1064 1062 adligen

102 1096 260 1179 „missine
282 1093 426 1159 warumb
451 1093 502 1159 die
521 1091 623 1178 juden
646 1114 682 1159 so
706 1092 781 1177 lang
803 1094 848 1158 im
871 1093 981 1159 ellcnd
997 1094 1101 1160 sind“.
1149 1095 1258 1159 Datum

98 1204 155 1269 inu
187 1199 379 1289 wyhenuoht
411 1199 576 1285 fyertagen
604 1222 643 1265 zu
676 1199 780 1264 ciuem
813 1204 912 1283 guten
946 1199 1069 1284 seligen
1098 1201 1163 1285 jar.
1217 1197 1260 1264 ll

100 1307 361 1377 annum1505“.

190 1416 349 1478 Gedruokt:
375 1421 390 1475 1
411 1437 453 1469 =
469 1415 572 1475 Porzlt.
594 1416 688 1491 1505,
708 1417 725 1474 5
743 1415 791 1474 bll.
809 1417 839 1474 iu
856 1413 908 1488 4⁰3
934 1420 952 1475 2
970 1437 1013 1469 =
1028 1415 1162 1490 Boeking
1177 1414 1262 1489 Opera

103 1525 237 1599 fictioni,
262 1523 510 1599 supplementum,
534 1521 583 1582 fol.
606 1523 620 1580 I
642 1539 664 1581 s.
692 1525 753 1582 177
780 1522 824 1581 bis
852 1525 912 1580 179
937 1521 1001 1598 (mit
1023 1522 1197 1597 auslassung
1220 1518 1263 1580 der

103 1632 197 1693 vielen
211 1629 398 1691 hebrttisclten
414 1630 517 1690 stellen
531 1629 590 1689 und
606 1628 696 1690 deren
712 1625 914 1703 ubersetzung)
926 1624 947 1687 1.

597 1818 784 1886 nxxxuv.
930 1894 934 1905 ,

177 1909 338 1975 (stuttgart.)
1032 1911 1045 1956 a
1067 1907 1141 1956 netz
1163 1908 1236 1957 reos.

105 2000 166 2075 Jo.
182 1997 366 2074 Reuohliu
379 1997 598 2072 Phorcensis
612 1997 688 2072 LL.
705 1997 796 2072 Doc.
818 1995 867 2069 ad
883 1995 1105 2095 Dionysium
1124 1993 1268 2069 fratrem

107 2149 212 2199 suum
230 2148 449 2222 germanum
473 2120 518 2195 dc
536 2120 767 2195 Rudimentis
786 2119 979 2194 Hebraicis
1005 2118 1102 2194 liber
1119 2119 1266 2220 primus.

196 2279 345 2362 Persaepe
373 2276 453 2343 mihi
476 2277 632 2362 cogitanti
655 2277 695 2343 de
720 2276 880 2343 communi
911 2296 1079 2341 sacrarum
1101 2274 1268 2340 literarum

104 2387 252 2473 jactura,
283 2383 416 2470 Dionysi
444 2383 564 2465 frater,
600 2405 672 2470 quae
701 2405 773 2450 oum
802 2382 1009 2449 multitudine
1039 2379 1270 2467 sophismatum

674 2518 694 2555 ts

109 2596 158 2649 Am
178 2593 255 2648 sude:
275 2595 414 2663 'lubingae
432 2596 460 2646 in
480 2594 589 2648 aedibus
602 2598 721 2648 Thomas
738 2594 875 2647 Aushelmi
892 2595 897 2660 Ι
912 2592 1041 2644 Badensis
1063 2592 1173 2642 MDXlI
1190 2607 1272 2644 meuse

108 2683 193 2736 dullo.
216 2684 271 2751 180
292 2685 339 2738 bll.
363 2686 390 2734 iu
410 2687 448 2735 40.
468 2684 514 2735 iol.
532 2686 645 2735 XLVllb
669 2685 789 2735 bemcrlst
808 2683 913 2751 spiegel
940 2697 973 2731 zu
993 2680 1118 2748 Phorcin]
1140 2682 1200 2732 Hoc
1218 2681 1271 2731 loco

110 2772 369 2824 animadvertendum
388 2773 457 2838 quod
477 2779 568 2824 auctor
586 2775 736 2824 meminisse
755 2773 820 2824 velit
839 2771 981 2839 Capuionis
1001 2770 1081 2820 Saevi
1100 2785 1178 2834 quem
1198 2768 1273 2834 vulgo

109 2860 246 2911 nominant
264 2860 414 2913 «Iohannem
433 2861 561 2913 Reuohliu
578 2863 763 2924 Pltoroensem,
784 2863 857 2926 cujus
877 2875 981 2926 quoque
1000 2861 1027 2909 in
1047 2859 1109 2910 aliis
1128 2860 1186 2909 suis
1203 2859 1274 2911 libris

110 2947 281 2999 honorificam
300 2964 369 3017 saepe
387 2952 545 3002 mentionem
564 2951 643 3001 lecit.
655 2989 678 3002 ..
697 2953 761 3016 qula
779 2966 840 3000 vcro
856 2950 974 3014 Capnion
994 2949 1050 2997 sive
1061 2948 1193 2998 Reuohliu
1211 2949 1274 2996 iuter

111 3035 164 3085 slis
182 3050 231 3087 sua
250 3052 329 3102 opera
347 3046 398 3090 tres
418 3037 500 3090 libros
520 3040 673 3106 composuit,
693 3038 724 3088 de
745 3038 825 3088 verbo
845 3037 956 3088 mirifico
976 3035 1121 3086 secundum
1141 3036 1193 3086 tris
1217 3035 1274 3102 dog·

111 3130 192 3187 mata,
212 3125 315 3176 scilicet
335 3127 565 3195 philosophorum,
590 3127 753 3178 ludaeorum
774 3133 799 3176 et
817 3125 1037 3186 Christianorum,
1061 3123 1108 3175 ubi
1128 3125 1275 3175 continetur

112 3229 205 3264 nomeu
231 3230 334 3266 sacrum
360 3215 387 3266 id
414 3224 453 3267 est
477 3223 707 3284 tetragrammaton
727 3215 873 3277 ineffabile,
899 3214 961 3280 quin
987 3212 1074 3280 potius
1101 3220 1274 3278 pentragram·

112 3308 200 3354 mston
220 3302 333 3355 effabile.
370 3305 471 3356 iccirco
489 3306 553 3357 dicit
572 3312 663 3357 auctor
682 3304 751 3371 quod
771 3305 883 3355 Phorcin
902 3304 962 3364 ille,
989 3303 1041 3353 hoc
1061 3306 1101 3352 cst
1119 3301 1274 3352 Phorceusis

111 3391 219 3443 natione
238 3393 385 3444 Germanus
405 3399 430 3444 et
453 3394 517 3445 latia
541 3396 633 3462 lingua
659 3395 782 3455 donatus,
801 3392 974 3443 celebraverit
997 3406 1093 3440 nomen
1112 3405 1218 3441 sacrum
1235 3390 1275 3440 tri·

112 3480 176 3546 plici
196 3480 367 3548 dogmate...
388 3482 441 3533 und
459 3500 491 3534 au
510 3484 608 3551 triplici
626 3482 747 3549 dogmate
761 3482 816 3546 (lol.
830 3479 966 3544 xnvlllb)
980 3478 1012 3527 de
1030 3479 1109 3529 trium
1129 3479 1274 3544 linguarum

112 3568 188 3618 libris
215 3571 374 3622 scaturiente
400 3573 445 3622 sci.
472 3575 575 3637 graecis
606 3571 738 3623 hebreicis
765 3577 790 3619 et
815 3569 915 3618 latinis.
953 3567 998 3617 hic
1021 3572 1061 3616 est
1089 3566 1135 3616 ille
1162 3566 1274 3634 Capnion

113 3657 159 3723 qui
178 3664 267 3709 nostru
291 3665 376 3712 aetate
399 3660 427 3710 in
453 3661 614 3727 germaniam
633 3662 733 3726 primus
752 3657 841 3710 attulit
859 3671 971 3723 graecae
990 3660 1068 3720 atque
1087 3653 1214 3706 hebraice
1231 3655 1275 3704 lin·

113 3759 181 3812 guae
200 3745 359 3799 scholastica
378 3748 549 3799 fundamenta
573 3754 773 3815 praeceptaque.
812 3745 969 3797 Seinerseits
991 3743 1081 3793 wurde
1107 3743 1177 3794 auch
1196 3743 1275 3794 Pilut

113 3848 164 3884 von
190 3833 320 3885 Reuohliu
350 3837 473 3888 erhoben.
509 3838 539 3886 lu
568 3836 613 3887 des
641 3836 765 3887 letatersn
793 3835 928 3885 Deffensio
956 3837 1046 3883 contra
1073 3832 1275 3883 calumniatores

114 3922 287 3981 colonienses
309 3926 376 3976 1513
396 3925 596 3976 Haustanes:
625 3924 693 3986 Quid
720 3924 767 3975 ills
786 3922 884 3975 nobilis
904 3928 929 3972 et
948 3935 1093 3988 generosus
1113 3922 1215 3972 romani
1233 3921 1276 3969 iru-

114 4011 180 4077 perii
198 4025 286 4062 eomes
305 4011 423 4065 Joannes
443 4014 600 4065 Franciscus
618 4013 841 4064 Mirandulanus?
864 4025 952 4061 nonne
975 4009 1054 4060 simul
1079 4009 1180 4075 ubiqus
1199 4014 1225 4061 et
1237 4009 1275 4072 ju·

115 4099 201 4151 cunda
225 4107 251 4151 et
277 4100 373 4151 idonea
398 4101 484 4155 dicere
511 4102 594 4155 verbs
615 4103 700 4154 solet?
728 4105 843 4153 maxime
869 4106 956 4150 autem
980 4099 1008 4148 iu
1032 4097 1140 4162 hymnis
1168 4094 1276 4150 ostendit

116 4202 193 4253 quam
209 4204 337 4255 syncerae
355 4193 398 4245 sit.

189 4261 294 4328 liiber
318 4277 361 4328 die
387 4273 481 4326 schrift
503 4270 558 4337 vill·
583 4276 713 4330 Reuohliu
738 4279 789 4330 706
814 4278 851 4347 fg.
877 4274 931 4327 und
956 4274 1091 4343 Bioking,
1119 4275 1194 4326 Hutt
1213 4273 1273 4342 Opy.

117 4359 206 4433 Suppl.
225 4363 276 4416 vol.
295 4364 328 4430 11,
346 4381 368 4416 s.
390 4362 432 4417 55.
1142 4393 1143 4396 =
