2716 4898
611 306 678 373 205

72 493 218 578 uisitore
242 494 405 561 irruentes
428 498 595 563 turmatim
618 504 706 565 certe
730 520 803 565 cum
826 498 947 582 ingenti
970 519 1102 583 pompa,
1134 503 1167 564 et
1189 497 1231 564 si-

72 599 125 664 rul
149 599 305 667 doctores
328 600 499 686 theologiae
521 603 661 686 plurimi,
686 610 719 669 ct
743 604 783 670 de
808 604 942 670 Colonia
965 611 999 669 et
1022 604 1062 670 de
1084 605 1230 671 Lovania

72 710 88 771 t
112 705 157 771 de
183 706 368 788 Erdfordia,
392 713 429 773 ut
451 708 630 789 dicebatur,
660 732 740 794 quos
772 731 881 775 secum
910 709 1123 774 adduxerant.
1146 797 1148 802 Ι
1169 709 1231 774 De-

72 810 158 897 iquc
196 818 361 880 trecentos
397 815 495 879 etiam
533 815 602 880 dies
645 816 847 882 donaverunt
882 815 1154 900 indulgentiarum
1190 836 1230 880 ex

72 916 216 984 besauro
240 919 395 984 Ecclesiae
426 919 594 986 catholicae
633 921 780 988 omnibus
816 922 998 1006 quicunque
1035 920 1109 985 huic
1142 920 1230 985 actui

72 1021 224 1104 desecat,
247 1025 332 1090 uude
349 1033 562 1093 accurrerunt
576 1027 650 1111 plus
666 1049 763 1112 quam
779 1027 866 1092 mille
882 1026 1036 1106 homines,
1060 1026 1228 1110 cupientes

72 1129 172 1197 idere
201 1129 307 1196 finem
353 1131 491 1217 Jamque
520 1154 581 1216 pro
606 1132 762 1200 tribunali
787 1134 900 1199 sedere
925 1138 1092 1217 coeperaut
1114 1152 1229 1216 graves

72 1234 126 1301 llae
150 1236 307 1302 columnae
332 1238 490 1319 ecclesiae,
523 1238 582 1304 sub
612 1261 749 1323 quornm
772 1240 910 1325 pedibus
934 1247 1023 1305 terra
1046 1238 1167 1316 tremit,
1191 1257 1230 1303 ac

72 1362 128 1407 una
150 1363 223 1409 cum
247 1344 294 1408 eis
310 1343 403 1409 sedet
418 1349 452 1408 et
465 1345 736 1427 praetensissimus
757 1346 929 1431 inquisitor
945 1351 1100 1430 tauquam
1116 1344 1137 1409 J
1139 1343 1230 1424 udas,

72 1447 148 1513 volui
171 1449 278 1515 dicere
304 1448 423 1533 judex,
457 1449 512 1534 qui
535 1450 625 1534 prius
649 1450 710 1516 fuit
732 1472 826 1535 pars,
860 1457 929 1516 tum
962 1450 1049 1516 ecce!
1086 1451 1231 1515 accurrit

72 1555 197 1621 nuncius
229 1555 464 1640 archiepiscopi
499 1577 573 1621 cum
600 1556 754 1623 mandato
785 1557 933 1641 superius
964 1561 1229 1634 commemorato,

76 1661 151 1743 quod
178 1660 244 1727 illis
274 1662 451 1746 requisitus
479 1664 627 1729 notarius
654 1663 842 1743 insinuavit,
874 1662 964 1727 clara
987 1683 1064 1728 voce
1093 1660 1229 1744 legendo

79 1783 173 1832 coram
196 1767 283 1834 omui
296 1767 426 1852 populo,
450 1775 522 1836 erat
544 1769 678 1835 enimin
694 1769 803 1852 lingua
818 1769 984 1835 teutonica
1000 1766 1228 1850 couscriptum,

81 1874 105 1936 ct
116 1873 304 1940 deciderunt
320 1874 427 1941 vultus
444 1875 573 1941 illorum
589 1896 812 1960 pronosorum‚
827 1879 864 1941 ut
880 1873 933 1938 vix
948 1873 1073 1938 hiscere
1089 1872 1228 1956 quirent.

154 1981 242 2046 Tunc
269 1982 412 2046 surrexit
433 1976 576 2048 «Iacobus
598 1982 653 2047 ille
677 1982 717 2047 de
741 1982 809 2046 alta
833 1980 943 2065 platea
966 1985 999 2044 et
1021 1978 1228 2062 protestaba-

81 2082 122 2149 lcr
150 2086 190 2151 de
220 2086 381 2170 denegata
407 2088 553 2171 justicia,
581 2088 728 2173 profecto
759 2088 893 2152 nimium
923 2085 1035 2151 frivole
1068 2091 1101 2151 et
1132 2105 1230 2167 super

76 2203 159 2267 (luam
183 2192 263 2258 ferri
294 2191 389 2258 decet
418 2195 608 2273 temerarie,
639 2200 752 2261 contra
784 2198 911 2258 tantum
935 2196 1058 2257 ettam
1082 2211 1231 2255 reveren-

73 2287 230 2365 dissimum
256 2298 420 2364 domiuum
445 2300 680 2383 Moguntiuum,
705 2300 846 2384 quinon
872 2298 1044 2380 denegavit
1062 2295 1229 2381 justiciam

72 2403 232 2495 ttdqfovit.
279 2405 331 2471 Sic
357 2405 441 2470 enim
458 2406 666 2472 constituitur
688 2407 721 2470 in
738 2405 880 2471 Concilio
898 2401 1143 2485 Carthaginensi
1167 2400 1226 2465 IV:

72 2503 286 2578 „studendum
302 2517 352 2576 est
368 2512 537 2595 episcopis,
559 2517 597 2577 ut
620 2512 814 2578 dissidentes
838 2510 966 2588 fratres,
990 2508 1056 2572 sive
1080 2507 1226 2586 clericos,

72 2607 125 2681 live
141 2616 240 2682 laicos
256 2617 298 2681 ad
313 2638 426 2700 pacem
442 2618 554 2701 magis,
578 2638 675 2702 quam
698 2617 741 2681 ad
759 2616 917 2700 judicium
942 2615 1142 2679 coarctans.
1181 2611 1225 2676 Et

72 2731 118 2786 loc
143 2722 283 2787 maxime
307 2743 499 2806 quacunque
523 2723 555 2787 in
579 2743 688 2804 causa,
716 2722 845 2806 quando
869 2719 1027 2806 judicium
1057 2718 1161 2784 oritur
1189 2737 1230 2781 ex

72 2824 132 2894 *dio
157 2833 218 2893 aut
240 2828 415 2912 longinqua
437 2829 523 2894 inter
546 2850 580 2895 se
604 2828 670 2909 lite,
695 2834 732 2894 ut
755 2827 859 2894 estin
883 2832 993 2891 nostro
1017 2845 1104 2889 casu.
1143 2822 1227 2888 Nam

72 2924 162 3003 lain
195 2934 330 2999 concilio
354 2934 532 3017 Agathensi
560 2935 752 3000 continetur.
798 2933 891 2998 Unde
916 2931 1077 2996 Honorius
1110 2929 1229 2994 tertius

72 3036 227 3109 lardinali
250 3039 281 3105 S.
304 3040 460 3105 Praxedis
488 3040 536 3105 ita
568 3041 711 3124 scripsit:
738 3039 879 3123 „poteris
902 3038 945 3102 ad
969 3034 1226 3120 componendum

72 3152 268 3230 nerponere
301 3152 413 3228 partes
448 3151 523 3211 tuas
559 3152 593 3212 et
626 3147 788 3212 interdum
821 3143 945 3229 aliquid
980 3141 1148 3209 severitati
1174 3139 1230 3206 de·

72 3252 224 3318 rabere“.
270 3252 391 3317 Iccirco
416 3252 569 3318 mentitus
600 3258 649 3318 est
672 3251 899 3336 Altiplatensis
923 3251 943 3331 ¹,
975 3247 1061 3333 quod
1085 3245 1148 3313 sibi
1171 3245 1226 3311 de·

72 3364 178 3444 egata
202 3355 311 3422 fuerat
329 3357 472 3440 justicia.

146 3464 220 3529 Hoc
254 3463 349 3529 modo
384 3463 509 3530 confusi
540 3464 678 3544 rubore,
718 3463 782 3529 imo
818 3461 948 3545 quidam
984 3478 1095 3523 eorum
1128 3455 1228 3523 livore

72 3569 171 3639 allidi
195 3590 216 3634 a
239 3575 415 3653 conspectu
447 3569 610 3635 hominum
641 3591 675 3635 se
699 3567 944 3644 subtraxerunt,
976 3585 1035 3648 per
1066 3561 1229 3646 quendam

72 3677 201 3744 mbitus
225 3675 311 3741 illius
335 3675 484 3742 strictum
499 3677 704 3759 angiportum
727 3675 760 3738 in
784 3674 914 3738 domum
929 3669 1067 3734 vicinam
1083 3666 1230 3734 canonici

72 3783 168 3851 ascio
198 3781 308 3864 cujus,
340 3781 464 3847 scilicet
494 3782 611 3848 beatae
635 3781 775 3864 Virginis
799 3779 842 3844 ad
865 3777 994 3861 gradus,
1027 3796 1100 3840 oum
1123 3774 1227 3839 multa

72 3887 312 3955 ubsannatione
335 3888 581 3972 insequentibus
603 3888 714 3971 pueris
731 3893 764 3952 et
785 3882 999 3953 stridentibus
1016 3879 1138 3946 adultis
1154 3899 1228 3944 cum

72 3996 200 4061 mnium
225 3999 300 4060 voto
316 4000 350 4060 et
365 3994 596 4077 imprecatione
614 3993 675 4058 hac
691 4015 753 4058 non
771 3991 912 4058 occulta:
940 3986 1091 4069 ,Utinam
1108 3985 1228 4050 fratres

72 4101 109 4167 sti
133 4099 264 4165 arvales
286 4099 349 4183 ipsi
372 4099 648 4180 comburerentur,
673 4099 728 4183 qui
751 4098 826 4164 huic
848 4095 917 4161 viro
941 4094 1025 4159 bono
1057 4091 1228 4157 voluerunt

72 4226 166 4274 acere
187 4205 341 4290 iujuriam
364 4210 397 4271 et
419 4206 563 4290 irrogare
591 4205 789 4271 infamiam“.
836 4203 903 4286 Ego
934 4199 1001 4266 abii
1032 4189 1166 4263 tandem
1194 4199 1228 4262 et

643 4360 660 4399 a

131 4458 144 4506 1
166 4451 356 4526 Altiplacensis
379 4455 400 4502 1.
