2716 4898
657 251 698 316 81

90 440 191 508 debet
224 442 258 508 in
293 465 386 510 omne
422 464 524 509 aevum
556 448 717 527 perpetua
747 438 943 524 gratitudine
966 460 1055 522 mea,
1078 462 1142 507 non
1165 436 1260 507 modo

91 569 170 632 erga
195 554 229 613 te
253 549 310 634 qui
333 549 411 614 mihi
434 555 527 614 tanto
551 549 737 634 adjumento
762 568 832 613 esse
856 547 1003 629 voluisti,
1027 569 1137 613 verum
1162 547 1260 612 etiam

90 655 124 719 in
152 661 228 722 tuos
258 661 292 720 et
321 655 508 722 monasterii
538 654 586 720 tui
617 654 736 719 fratres
766 675 805 718 ac
829 652 881 719 dei
911 675 1036 734 servos,
1064 653 1120 738 qui
1150 658 1262 719 noctes

90 767 193 846 atque
219 760 345 826 diesin
368 761 525 827 creatoris
550 759 705 844 obsequio
729 759 937 826 famulantur.
984 760 1077 838 Quod
1107 760 1191 826 enim
1214 759 1262 823 illi

90 867 143 932 vel
176 867 314 932 officium
342 867 392 932 vel
420 866 610 933 beneficium
639 867 672 930 in
702 865 780 930 mihi
809 865 1021 950 gratificando
1050 887 1193 951 unquam
1215 866 1261 931 in»

91 973 328 1038 termiserunt?
359 979 417 1039 aut
446 994 543 1056 quam
574 972 810 1038 humanitatem
842 971 1029 1038 domesticis
1059 973 1139 1038 meis
1163 971 1263 1036 ullam

91 1079 277 1162 negarunt?
320 1069 445 1157 'Quibus
469 1100 541 1144 cum
569 1079 602 1142 in
625 1084 693 1143 tam
716 1078 855 1144 molesto
879 1079 945 1147 otio
968 1081 980 1119 ¹
1004 1084 1037 1144 et
1059 1077 1264 1145 bibliothecae

91 1205 174 1249 meae
197 1184 285 1249 tristi
309 1183 458 1249 absentia
486 1184 542 1250 diu
573 1206 698 1250 mecum
727 1185 796 1268 ipse
828 1184 1090 1266 subdubitarem,
1115 1183 1220 1270 qualis
1243 1205 1265 1247 a

90 1311 143 1355 me
168 1291 275 1374 gratia
299 1289 471 1371 referatur,
496 1296 554 1356 tua
575 1312 646 1356 sum
664 1291 891 1357 adhortatione
908 1292 1014 1358 factus
1031 1291 1159 1373 certior,
1182 1287 1263 1354 nihil

90 1394 162 1461 iore
200 1395 288 1480 quod
323 1395 585 1462 adulescentibus
617 1397 683 1462 tuis
716 1396 767 1461 vel
791 1397 889 1462 etiam
923 1397 1123 1482 provectae²
1156 1395 1263 1461 aetatis

91 1503 318 1568 sacerdotibus
358 1503 400 1568 ad
440 1504 599 1587 regendas
631 1503 803 1587 parochias
832 1502 853 1581 ³,
895 1525 1032 1587 quarum
1072 1502 1133 1568 tibi
1171 1502 1264 1585 copia

89 1613 151 1688 est,
176 1608 278 1690 magis
303 1609 484 1674 conducere
508 1609 626 1693 possit,
651 1630 748 1692 quam
772 1609 799 1674 ai
822 1609 855 1674 id
879 1630 1042 1688 curarem,
1067 1613 1103 1673 ut
1124 1607 1158 1671 in
1191 1612 1264 1671 arte

88 1714 292 1798 praedicandi
320 1714 495 1781 evaderent
519 1737 615 1801 quam
646 1715 832 1780 doctissimi.
879 1716 954 1780 Feci
981 1714 1082 1799 igitur
1118 1712 1204 1797 quod
1233 1711 1267 1776 in

90 1826 160 1885 tam
185 1826 338 1904 suspecta
358 1827 553 1906 tempestate
579 1822 629 1887 vel
650 1822 748 1905 prae⁴
771 1822 897 1901 timore,
922 1821 973 1887 vel
999 1841 1134 1887 maerore
1164 1817 1265 1903 potui,

94 1931 133 1991 ut
161 1948 228 1991 una
249 1925 543 1994 lucubraciuncula
575 1928 644 1993 haec
674 1928 713 1993 de
744 1935 815 1993 arte
845 1927 1046 2011 praedicandi
1070 1925 1267 1992 documenta

95 2053 315 2116 congererem,
339 2056 410 2118 quae
434 2035 695 2100 adolescentibus
719 2033 784 2099 tuis
808 2034 880 2098 viva
902 2055 979 2099 voce
1011 2017 1208 2111 declamavi,
1232 2037 1269 2096 ut

95 2145 284 2204 crescerent
311 2140 443 2205 tandem
471 2141 503 2204 in
539 2142 624 2206 viros
649 2140 865 2224 evangelicos,
899 2162 1039 2224 quorum
1063 2137 1267 2206 sermonibus

94 2243 189 2328 plebs
221 2243 265 2309 ad
288 2245 436 2312 meliores
466 2268 572 2312 mores
600 2252 853 2312 converteretur.
900 2247 1020 2331 Accipe
1044 2246 1142 2330 igitur
1167 2240 1265 2309 hoc⁵

96 2350 324 2416 munusculum
336 2357 428 2434 grato
441 2353 556 2432 animo,
574 2353 670 2436 quod,
689 2374 873 2437 quanquam
885 2373 985 2436 parvo
1001 2352 1013 2390 ⁶
1031 2356 1121 2417 extat
1133 2371 1268 2433 corpore

96 2461 208 2522 tamen
230 2478 305 2521 mea
329 2460 492 2524 sententia
514 2458 637 2524 lucebit
657 2457 862 2542 plurimum⁷
886 2458 1067 2523 virtutibus.
1106 2455 1189 2522 Vale
1204 2457 1269 2522 Ka-

97 2563 203 2630 lendis
227 2563 403 2631 Januariis.
450 2565 542 2631 Anno
568 2571 663 2631 1503.

672 2755 705 2820 b.

322 2868 520 2947 Udalricus
539 2872 555 2925 8
573 2868 771 2944 Charintas
790 2865 839 2941 ad
856 2865 1049 2941 Lectorem

313 3018 388 3083 Arte,
407 3017 498 3084 modo,
518 3017 606 3069 officio
626 3019 666 3068 vis
686 3016 836 3068 declamare
856 3013 990 3066 sacerdos.

318 3106 321 3115 '
351 3108 456 3173 Prisco,
474 3123 508 3160 na
527 3107 614 3175 fugias
634 3121 692 3172 quae
712 3105 789 3158 docet
807 3107 857 3158 istc
875 3102 953 3156 liber.

498 3313 690 3506 Georgiusc
699 3405 845 3507 Symler
864 3401 880 3451 ⁹

318 3571 352 3623 Ut
371 3571 457 3638 possis
477 3577 538 3621 totae
556 3577 692 3637 penetrare
712 3570 825 3620 silencia
844 3567 935 3618 turbae.

354 3661 485 3726 Graiaque
502 3666 627 3726 suggesto
647 3658 734 3709 dicore
754 3656 835 3709 verba
852 3654 937 3723 gregi,

686 3817 704 3856 ak

180 3935 192 3983 1
213 3910 289 3981 tarito
313 3927 423 3979 molesto
443 3930 467 3978 3.
542 3930 557 3976 2
576 3924 700 3992 profecta
719 3925 744 3974 3.
818 3924 832 3971 3
859 3918 1010 3988 periochiae
1031 3921 1055 3968 1.
1073 3914 1230 3968 Parrochias
1250 3916 1274 3966 ³.

104 4019 232 4085 lvclpre
255 4022 277 4069 l.
333 4017 467 4082 oaeaipe
487 4030 548 4081 crgo
568 4015 666 4065 hocin
685 4014 757 4062 mim.
772 4014 795 4062 3.
853 4006 980 4076 fiparvo]
999 4021 1090 4073 parum
1104 4007 1129 4055 3.
1183 3999 1275 4067 ‘ipla-

104 4109 203 4159 rimum
221 4106 324 4157 lucebit
343 4108 367 4156 3.
432 4108 448 4154 8
467 4104 608 4154 Uldaricus
628 4107 652 4152 2.
680 4086 754 4151 liber
771 4099 807 4150 U.
827 4098 875 4148 Ch.
895 4099 931 4147 ist
949 4096 999 4146 mir
1016 4093 1103 4143 nichts
1122 4091 1213 4141 weitai
1232 4088 1276 4139 be·

104 4192 198 4245 knut.
253 4193 391 4258 9Georgii
413 4198 434 4243 1.
455 4192 550 4243 Simler
569 4197 593 4242 2.
626 4191 651 4240 S.
671 4190 730 4256 gob.
750 4190 778 4238 in
792 4186 933 4251 Wimpfen,
952 4183 1041 4232 rektcr
1059 4181 1105 4230 der
1122 4178 1167 4228 lat.
1184 4174 1276 4226 schulc

107 4284 136 4334 in
154 4283 321 4346 esenheim,
346 4296 398 4332 ron
420 4281 485 4330 1511
514 4281 580 4347 prof.
600 4279 646 4329 der
664 4278 752 4329 rechtc
772 4277 798 4326 in
819 4273 970 4339 Tiibiugon.
1008 4264 1168 4320 Literarisch
1186 4263 1232 4314 hat
1250 4277 1278 4313 er

107 4372 167 4423 sich
193 4370 279 4422 durch
302 4370 379 4422 einen
405 4375 564 4421 commentar
590 4385 621 4420 au
640 4365 786 4420 Reuchlina
805 4362 928 4430 Sergius,
954 4359 1000 4411 der
1023 4361 1110 4408 ruerat
1132 4355 1198 4406 150⁷
1222 4349 1278 4402 und

136 4485 281 4528 Bauchiln
1052 4446 1069 4505 6
