2716 4898
622 306 682 372 101

161 503 176 558 l
202 519 245 556 =
265 501 440 561 Rudimeuta
462 502 598 561 hebraica
621 501 697 560 olme
719 502 912 575 eigentliohen
932 505 1010 578 titel,
1035 506 1065 563 in
1088 505 1140 566 der
1161 507 1242 564 mitte

65 605 119 665 des
136 610 236 666 ersten
252 607 371 667 blattas:
395 607 631 692 PRINCIPIUM
649 607 755 666 LIBRI
776 603 826 680 1b3
851 610 897 668 die
923 607 1074 670 aufschrilt
1090 613 1142 671 nie
1165 610 1241 670 oben

63 729 88 771 s.
108 713 163 770 88.
183 714 244 771 621
263 729 301 771 ss.
318 713 347 771 in
362 712 402 773 kl.
419 712 471 774 fol.
490 730 516 772 a.
533 729 557 773 e.
574 714 667 787 Exegi
683 745 721 756 -
739 713 850 773 MDVI.

64 834 141 894 vorl.
158 835 245 895 seito:
268 833 424 895 PHORCE
445 835 490 894 IN
959 837 1077 896 AEDIB.
1106 839 1194 897 ΤΗΟ.

265 939 472 1000 ANSHELMI
591 941 913 1002 Buohdruolrerzeiolreu
960 942 1088 1003 SEXTO
1111 943 1201 1003 KAL.

203 1106 206 1111 .
264 1045 432 1106 APRILES
677 1047 830 1106 Anshelms
957 1047 1065 1107 ANNO
1082 1049 1216 1109 M.D.VI.

117 1152 139 1212 1.
157 1152 242 1211 saite:
267 1152 371 1211 FINIS
393 1151 509 1211 LIBRI.

65 1278 150 1334 2:
167 1278 186 1333 2
203 1272 284 1333 hebr.
309 1274 413 1348 zeileu,
439 1272 530 1333 daun:
554 1273 721 1334 JOANNIS
745 1271 974 1357 nsvcfluijni
996 1276 1240 1336 Puuncsnsis

61 1380 180 1440 PRIMI
203 1378 358 1440 GRAECAE
380 1379 433 1438 ET
456 1378 596 1439 SAGRAE
619 1373 791 1462 Hlljbraioae
808 1382 914 1456 liuguae
942 1383 1073 1455 adeoque
1089 1384 1240 1442 meliorum

60 1487 216 1544 literarum
233 1488 357 1545 omnium
377 1487 407 1545 iu
424 1484 578 1544 Germania
598 1487 725 1556 autoris,
753 1481 756 1567 l
775 1488 804 1545 in
821 1485 931 1545 Galilas
948 1504 1018 1545 vero
1034 1493 1065 1546 et
1077 1488 1163 1546 Italia
1178 1490 1239 1547 vin·

62 1593 138 1650 diois
162 1591 337 1650 LEXIGON
362 1590 538 1650 Hebraioum
560 1636 680 1650 ......
707 1609 771 1664 quae
801 1591 964 1651 sebastiani
984 1593 1129 1650 Munsteri
1151 1609 1242 1666 opera

60 1698 206 1757 absolutae
222 1704 289 1757 sunt
306 1702 324 1757 2
341 1715 445 1772 nupag.
463 1698 524 1771 bil,
543 1696 594 1756 aui
608 1697 702 1756 denen
718 1699 765 1757 die
781 1697 908 1758 vorrede
924 1697 983 1754 und
1001 1699 1064 1755 418
1082 1697 1174 1754 seiten
1189 1695 1239 1756 fol.

60 1803 98 1862 A.
116 1803 153 1862 E.
171 1802 352 1862 BASILIIAE
367 1803 445 1861 PER
466 1802 675 1862 HENRIGVM
696 1802 877 1878 PETRVM,
903 1797 1061 1883 intensi:
1087 1801 1239 1862 MARTIO

63 1907 178 1969 ANNO
194 1908 408 1970 MDXXXVII.

551 2155 753 2223 LXXXXVI.

139 2280 283 2345 stuttgart.
990 2283 1023 2331 eo
1043 2281 1104 2332 Jan.
1128 2283 1204 2332 1507.

62 2399 264 2504 [Reuohlin
282 2398 345 2502 an]
358 2399 509 2474 Meister
524 2400 706 2474 Hannsen
722 2372 975 2476 Ammerbaoh
994 2401 1241 2476 buohtruoker

559 2551 605 2596 zu
623 2522 745 2597 Basel.

152 2700 184 2767 S.
200 2701 238 2765 D.
255 2701 289 2766 P.
314 2699 386 2767 Non
409 2701 524 2766 defore
542 2705 632 2767 tuam
654 2701 688 2766 in
711 2722 746 2767 re
762 2722 836 2767 mee
850 2700 948 2766 fidem
966 2701 1068 2787 Cyrus
1087 2702 1099 2741 ¹
1122 2723 1240 2767 renun-

64 2807 175 2888 ciavit,
197 2807 251 2872 oui
274 2807 373 2872 etiam
395 2806 521 2892 absque
540 2808 603 2872 tuis
619 2806 724 2873 literis
748 2808 890 2888 credam,
914 2809 1062 2892 quamvis
1085 2807 1241 2891 singulari

41 2934 112 2978 'me
136 2910 306 2997 voluptate
330 2911 494 2979 affeeisses
517 2912 698 2979 scribendo.
745 2912 810 2979 Sed
840 2919 876 2978 tu
899 2913 1026 2992 multis,
1054 2920 1091 2980 ut
1117 2915 1241 2999 opinor,

62 3020 150 3085 euris
173 3018 311 3084 obrutus
334 3018 384 3084 vel
406 3018 499 3084 binos
523 3019 630 3084 sulcos
654 3041 749 3084 arare
781 3041 843 3084 nou
879 3037 994 3104 posses
1025 3020 1046 3084 2.
1092 3020 1238 3102 Expecto

63 3131 176 3190 tamen
199 3122 408 3189 uehementer
431 3123 542 3190 literas
567 3130 641 3190 tuas
674 3126 772 3190 etiam
796 3146 919 3210 paucas
943 3130 1240 3210 quantumcunque,

63 3229 183 3315 quibus
199 3229 327 3294 oaeterie
350 3228 438 3312 apud
453 3249 504 3295 me
528 3229 727 3295 instantibus
750 3231 782 3295 in
806 3252 844 3296 eo
868 3230 1008 3314 negotio,
1035 3229 1122 3314 quod
1146 3230 1240 3309 nosti,

63 3334 272 3419 providentia
294 3356 367 3399 mee
397 3334 566 3401 clarescat.
615 3335 708 3413 Quod
730 3334 814 3401 filios
840 3335 853 3375 ³
882 3334 984 3401 habes
1005 3341 1039 3399 et
1063 3334 1183 3399 dociles
1207 3340 1241 3399 et

63 3447 230 3507 amatores
253 3439 411 3506 bonarum
436 3439 616 3522 literarum,
640 3441 766 3525 gaudeo
790 3439 878 3506 haud
902 3439 1119 3516 mediocriter,
1143 3437 1240 3503 oredo

64 3545 152 3626 mihi,
176 3545 226 3610 tui
242 3565 353 3611 eausa.
384 3547 441 3612 Eis
464 3547 639 3632 aliquando
663 3547 692 3612 si
714 3546 838 3631 poterit
859 3564 1050 3628 manopera
1072 3543 1241 3624 usuifore,

644 3744 658 3778 *

136 3869 146 3913 l
170 3861 266 3930 Cyrus]
287 3860 453 3912 Uubekunnt.
493 3862 542 3910 Die
568 3863 593 3911 in
621 3862 720 3913 diesem
739 3862 822 3912 briei'e
841 3862 1016 3927 augedeutete
1038 3835 1242 3928 angelogenheit

61 3949 126 4002 least
144 3949 204 4002 sloh
224 3949 297 4000 nieht
314 3949 396 4000 ndher
419 3950 592 4021 bezeichnen,
620 3950 654 4000 da
680 3952 726 4000 wir
751 3950 814 4001 kain
834 3951 942 4000 zelohen
962 3951 1114 4001 briefliolrer
1134 3946 1241 3997 verbiu-

62 4038 132 4106 dung
152 4038 287 4090 awisuhen
300 4037 448 4089 Amerbaoh
469 4039 521 4088 und
537 4039 666 4090 Reuohlin
686 4056 733 4090 vor
753 4054 873 4089 unserem
891 4037 974 4088 brieio
993 4040 1105 4088 keuuen.
1145 4033 1239 4084 Wahr·

61 4127 209 4179 seheiulioh
233 4126 294 4177 siud
319 4143 347 4178 es
371 4128 413 4179 die
438 4126 656 4193 verhandlungen
684 4143 775 4194 wagan
803 4126 849 4176 des
875 4126 981 4191 verlugs
1009 4125 1054 4175 der
1082 4120 1241 4173 Rudimonta

60 4216 142 4281 hebr,
162 4218 212 4268 auf
229 4215 272 4266 die
291 4216 347 4266 sielr
368 4219 528 4282 wenigstens
548 4215 589 4264 die
609 4213 750 4280 folgenden
770 4216 852 4266 brieio
874 4213 993 4264 bezielm.
1026 4197 1099 4262 liber
1119 4209 1161 4260 die
1181 4226 1242 4276 per·

61 4305 197 4358 sdnliohen
217 4303 400 4372 beaiehuugen
419 4304 510 4356 beiden
528 4309 637 4354 mttnner
658 4304 710 4369 vgl.
734 4304 800 4354 oben
822 4301 1036 4366 30Mer221495
1061 4297 1115 4349 und
1136 4296 1240 4348 Reueh-

63 4390 98 4448 lin
115 4413 135 4446 s.
160 4397 200 4460 15,
221 4395 399 4459 oe,rr,18‹t.
456 4397 470 4447 2
491 4409 577 4447 errare
601 4397 620 4442 l.
678 4394 692 4442 3
713 4392 793 4461 filios]
814 4392 911 4453 Bruno,
933 4389 1057 4452 Basilius,
1076 4388 1238 4439 Boniiuqus.
