2716 4898
647 280 712 345 278

97 474 324 558 magistrorum
348 471 456 537 divina
477 471 614 556 ingenia,
637 469 832 554 gravissimae
855 469 1037 549 sententiae,
1061 473 1097 534 et
1118 466 1257 555 mysteria

98 602 138 646 cx
150 577 373 646 secretissimis
390 598 556 643 sacrarum
571 577 741 643 literarum
748 573 871 641 abditis
885 581 982 642 eruta
993 575 1004 614 ¹
1016 579 1052 641 et
1069 572 1255 659 deprompta

99 683 205 765 Absit,
228 684 315 750 absit
337 689 376 748 ut
399 682 587 749 Cabalistici
610 681 684 747 libri
700 681 835 747 vulcano
861 680 1057 748 absumendi
1082 678 1256 759 tradantur3

99 790 186 873 digni
214 788 310 873 plane
336 793 428 868 eunt,
460 796 498 854 ut
535 788 710 871 inlinguam
740 786 877 853 latinam
913 785 1004 852 fideli
1041 791 1077 852 et
1106 783 1256 852 luculenta

97 894 272 961 tralatione
294 900 472 960 vertantur.
509 893 574 961 Sed
597 901 631 961 et
654 899 687 960 te
710 893 891 979 interprete
912 890 1089 959 nonnullos
1112 890 1256 959 lecturum

97 1020 149 1067 me
172 1020 282 1086 spero,
323 1020 387 1065 non
421 1005 549 1065 tantum
581 1005 691 1066 autem
714 1020 790 1084 ego,
818 998 876 1065 sed
907 998 1064 1065 nimirum
1087 995 1255 1082 complures

97 1104 154 1172 alii
186 1111 220 1172 et
249 1104 337 1171 docti
367 1111 401 1170 et
424 1104 500 1171 boni
523 1104 584 1170 siri
606 1105 661 1190 qui
685 1111 718 1171 te
740 1111 958 1190 preceptore,
989 1109 1024 1169 te
1057 1108 1256 1183 auctore,et

100 1211 181 1278 duce
207 1210 381 1276 Cabalistae
405 1210 552 1276 eradent.
598 1211 684 1278 Illud
706 1216 865 1295 praterea
888 1207 1046 1289 admiror,
1071 1230 1133 1276 cur
1154 1208 1253 1294 glorio

96 1316 241 1383 sissimus
279 1317 493 1400 Hieronymus
523 1317 578 1383 ille
609 1317 762 1383 Dalmata
798 1317 831 1383 in
865 1322 994 1384 tautum
1027 1315 1253 1384 cabalistarum

97 1421 275 1489 doctrinam
300 1428 357 1487 aut
381 1422 558 1505 neglexerit
580 1430 639 1489 aut
661 1423 909 1507 contempserit,
934 1428 1037 1488 utne
1060 1442 1180 1489 nomeu
1199 1420 1253 1506 qui

98 1527 173 1594 dem
196 1526 325 1594 Cabalse
349 1548 486 1612 usquam
509 1528 541 1593 in
566 1529 635 1613 ejus
659 1527 790 1613 scriptis
813 1528 1005 1594 inveniatur.
1052 1526 1187 1594 Nullum
1205 1547 1252 1610 ego

96 1634 254 1700 hactenus
271 1632 358 1718 apud
375 1655 447 1698 eum
463 1633 527 1718 legi
544 1633 630 1719 quod
647 1655 687 1700 ex
699 1634 801 1700 sacris
816 1633 920 1700 literis
929 1634 1039 1721 juxta·
1051 1639 1121 1700 tres
1138 1631 1252 1699 Gabale

97 1740 222 1825 species
259 1739 453 1805 fabricatum
491 1741 533 1805 sit
568 1740 757 1823 mysterium
789 1746 823 1805 et
860 1737 1059 1823 symbolum,
1093 1745 1129 1805 et
1160 1744 1251 1805 tamm

96 1845 207 1929 plures
232 1844 445 1911 Cabalisticos
468 1845 568 1912 libros
592 1845 697 1912 editos
721 1845 819 1912 luisse
833 1852 978 1928 tempore
1000 1844 1089 1910 illius
1113 1865 1173 1929 pro
1192 1864 1250 1909 cou-

97 1950 183 2015 fesso
199 1949 313 2015 habeo.
353 1950 504 2016 Ceterum
523 1952 783 2034 exploratissima
799 1973 883 2017 nunc
906 1950 984 2015 mihi
1000 1952 1166 2017 sententia
1179 1943 1249 2019 ¹³5³?

97 2056 254 2120 dicentis²
269 2066 334 2116 nvn
352 2068 432 2131 εγω*
450 2070 553 2118 :suaa
571 2069 659 2138 n'or·
690 2058 818 2140 Adepta
834 2057 919 2122 enim
934 2077 1020 2122 nuno
1035 2057 1153 2122 notitia
1168 2076 1249 2142 quan·

95 2161 304 2246 tulacumque
318 2160 464 2241 Cabalae,
494 2161 669 2230 discretior
697 2185 795 2244 sane,
819 2163 952 2248 cupiens
974 2162 1042 2229 alia
1066 2163 1189 2249 majora
1207 2159 1248 2226 cui

95 2268 239 2335 scientiae
268 2268 423 2351 indagare
460 2277 595 2334 secreta.
642 2270 772 2336 Movere
805 2267 959 2335 haberem
993 2267 1096 2335 dubia
1128 2267 1247 2354 plurima

94 2395 165 2461 quae
188 2394 239 2439 me
264 2395 457 2457 suspensum
481 2379 601 2453 tenent,
625 2373 684 2440 sed
707 2373 793 2460 quod
816 2395 880 2440 nou
903 2380 971 2440 tam
985 2372 1246 2460 Cabalaeosquam

92 2479 318 2565 pythagoreos
333 2477 437 2544 tribus
451 2478 500 2544 his
517 2480 581 2545 tuis
597 2479 688 2546 libris
704 2481 859 2560 instituis,
874 2479 971 2564 plane
995 2498 1147 2564 agnosco.
1163 2479 1246 2558 Quae

93 2606 166 2650 rere
184 2584 262 2649 mihi
281 2606 343 2649 non
368 2585 475 2663 licere,
497 2586 733 2669 interrogatum
756 2584 915 2651 autemid
939 2584 1043 2651 solum
1068 2584 1245 2673 respondere

95 2698 199 2750 ornan
230 2701 320 2749 rnna·
333 2689 413 2755 Vale
431 2690 638 2756 foelicissime.
659 2692 705 2756 De
722 2712 822 2757 eausa
841 2698 899 2757 tua
922 2692 1243 2766 Romanacertiorem

93 2816 145 2860 me
160 2794 288 2875 reddes,
306 2802 338 2860 et
349 2795 429 2879 quid
440 2790 519 2856 ’ΒΝ
539 2797 774 2881 interpretetur
787 2797 988 2863 canticorum
998 2797 1118 2881 primo:
1132 2797 1243 2864 Vineam

96 2920 201 2964 meam
218 2921 281 2965 uon
298 2902 467 2967 custodivi.
493 2903 540 2967 Ex
557 2903 759 2987 Ottenpurra
775 2903 885 2988 pridie
899 2902 979 2970 Idus
1002 2903 1151 2987 Augusti.
1169 2906 1243 2968 1517.

182 3008 360 3070 Haudscbr.:
387 3032 429 3065 =
450 3013 514 3070 Nic.
543 3013 717 3090 Ellenbogii,
753 3014 836 3089 epist.
872 3013 939 3074 libri
969 3012 1027 3090 IX,
1056 3029 1124 3074 msc.
1153 3009 1240 3075 roll

95 3111 146 3172 lib.
168 3112 223 3187 III,
248 3116 330 3190 epist.
357 3120 409 3189 29,
432 3116 481 3176 fol.
508 3112 714 3178 33bb1s35a.

597 3319 762 3389 ccxmv.

166 3405 243 3456 curn.
998 3415 1015 3464 s
1035 3412 1106 3481 seps
1126 3413 1218 3481 (run.)

216 3492 408 3570 lohannes
437 3493 617 3572 Caesarius
659 3496 845 3599 Oapnioni
876 3526 942 3576 suo
970 3501 1139 3579 salutem.

186 3641 308 3706 Doctor
344 3643 504 3709 Martinus
534 3645 730 3730 Groningus,
767 3646 876 3732 patria
907 3648 1108 3731 Bremensis,
1136 3649 1189 3717 ubi
1216 3667 1245 3713 er

98 3744 179 3810 urbe
193 3747 359 3812 Coloniam
384 3749 491 3830 rediit,
515 3750 558 3815 ad
580 3773 631 3816 me
654 3751 798 3833 divertit,
822 3760 921 3838 atque
944 3776 1003 3838 per
1026 3776 1170 3823 mensem
1191 3754 1245 3820 iere

99 3851 131 3916 in
167 3851 291 3918 aedibus
318 3854 398 3919 meis
426 3862 574 3923 versatus
598 3864 631 3922 et
660 3858 844 3943 hospitatus
878 3866 936 3925 est.
966 3860 1103 3928 Interim
1132 3883 1171 3928 ne
1192 3859 1248 3926 dies

96 3957 227 4042 quidem
258 3958 320 4024 luit
342 3959 374 4023 in
405 3982 468 4045 quo
502 3983 565 4028 non
593 3963 632 4030 de
657 3970 690 4029 te
719 3966 928 4031 commentati
954 3965 1123 4034 fuerimus.
1168 3963 1248 4032 Multi

96 4084 224 4147 quoque
249 4064 290 4130 ob
322 4065 456 4130 eandem
488 4089 619 4134 causam
653 4070 695 4134 ad
732 4092 790 4136 nos
820 4076 978 4136 venerunt
1009 4078 1047 4138 ut
1077 4091 1248 4158 quanquam

97 4168 179 4233 alias
203 4170 285 4235 certi
309 4191 379 4236 esse
402 4178 556 4256 poterant
579 4174 619 4241 de
643 4195 749 4241 causae
772 4183 836 4242 tuae
859 4176 892 4241 in
916 4177 997 4242 urbe
1020 4184 1182 4259 tractatu,
1210 4197 1243 4242 ex

655 4306 671 4342 a

166 4386 293 4442 lssrrutt
322 4392 342 4440 l.
417 4389 582 4441 2Kobeletb
614 4397 643 4456 l,
673 4397 712 4446 19.
786 4395 921 4449 auocet.
952 4400 979 4463 1,
999 4397 1024 4450 6.
