2716 4898
699 303 766 367 324
866 261 870 272 ’

148 493 372 578 Xenophontis
394 491 485 558 illam
512 491 750 576 jucunditatem
775 490 1005 569 inaffectatam,
1030 489 1087 555 sed
1111 511 1210 576 qnam
1234 488 1348 564 nulla,

149 598 309 666 affectatis
341 598 495 682 consequi
524 597 638 681 possit,
668 604 705 662 ut
734 599 802 681 ipse
835 617 1014 662 sermonem
1045 597 1160 679 graecia
1190 594 1348 670 finxisse!

147 706 304 784 rideatur,
339 705 370 770 in
399 705 490 788 cujus
523 702 623 768 labris
651 703 773 768 sederit
806 701 952 787 quaedam
978 700 1198 785 persuadendi
1229 700 1339 766 dea*

148 811 256 890 Quare
278 832 299 876 a
331 811 510 893 priscorum
541 809 767 874 eruditissimis
797 811 907 880 ἀττιιῆ
931 808 1041 894 ptimo
1064 808 1336 890 cognominatur,

149 915 249 982 Suida
268 919 277 954 ¹
302 922 386 981 teste
412 923 446 980 et
468 914 528 980 hoc
543 934 564 978 a
579 913 691 980 multia
706 920 804 979 aetate
828 921 941 979 nostra
963 911 1181 996 scriptoribus
1198 911 1327 983 distare

151 1021 303 1101 cernitur,
326 1021 413 1106 quod
437 1019 539 1086 soluit
561 1018 706 1104 intelligi

239 1125 285 1191 Ut
313 1125 411 1210 igitur
439 1124 606 1191 auditores
628 1127 701 1205 mei,
733 1147 870 1209 quorum
902 1125 1015 1208 ingens
1046 1131 1097 1189 est
1130 1130 1166 1189 et
1195 1123 1229 1188 in
1254 1122 1311 1190 dies

150 1237 289 1314 augetur
304 1251 468 1309 uumerus,
491 1229 618 1295 libellos
633 1229 777 1295 habeant
797 1229 934 1314 quisque
950 1250 1026 1294 suos
1050 1250 1070 1294 a
1093 1251 1146 1294 me
1164 1227 1227 1294 sibi
1242 1250 1308 1312 pra·

147 1333 309 1417 legendos,
333 1341 371 1402 tu
394 1336 437 1399 mi
454 1335 606 1414 loannes,
618 1333 660 1400 ad
684 1334 814 1400 illorum
830 1341 863 1399 et
878 1335 1014 1400 aliorum
1039 1333 1161 1420 ubique
1178 1334 1305 1418 gentium

147 1438 365 1506 studiosorum
390 1439 560 1506 utilitatem
593 1462 632 1506 ea
655 1440 877 1524 Xenophontis
908 1439 1064 1523 opuscula
1096 1438 1304 1507 florentissimi

147 1544 277 1612 Thomae
310 1545 476 1612 Aushelmi
505 1547 645 1612 amantis
673 1547 777 1611 nostri
799 1545 946 1612 formulis
971 1545 1087 1611 excudi
1110 1545 1200 1611 haud
1224 1543 1304 1627 negli-

146 1658 259 1733 genter
290 1673 392 1717 cures.
438 1652 475 1716 In
507 1659 539 1716 te
567 1672 696 1736 nanque
731 1652 829 1718 situm
854 1659 913 1730 est,
946 1650 1121 1716 emendata
1144 1656 1261 1717 exeunt
1278 1649 1302 1711 iu

147 1756 312 1840 publicum
336 1779 378 1822 an
409 1757 573 1824 mendosa.
615 1759 722 1838 Quare
746 1757 894 1823 omnibus
916 1757 1118 1823 scholasticis
1143 1775 1302 1840 graecarum

147 1861 315 1928 literarum
340 1863 494 1929 studiosis
517 1886 584 1929 rem
610 1865 827 1947 gratissimam
851 1863 961 1941 facies,
989 1863 1015 1927 si
1039 1862 1204 1946 prodeant
1226 1860 1302 1925 casti-

147 1973 232 2050 gata.
264 1967 345 2033 Vale
369 1968 534 2048 foeliciter,
558 1976 591 2035 et
614 1991 665 2034 me
690 1970 737 2034 tui
769 1969 996 2053 expectatione
1019 1969 1091 2033 ocio
1116 1967 1298 2033 committere

150 2068 224 2136 noli.
251 2071 431 2156 Anglopoli,
454 2074 558 2157 pridie
583 2075 629 2140 ld.
652 2075 789 2158 Apriles.
836 2075 1042 2138 Ann01520.

236 2180 398 2240 Gedruckt:
417 2202 458 2238 =
474 2201 497 2243 s.
515 2200 575 2242 nro.
603 2183 752 2244 CCXClll.

649 2367 815 2435 ccxclll.

220 2456 379 2524 (Hagenan.)
941 2456 1019 2520 (uach
1044 2460 1073 2505 12
1095 2456 1170 2523 April
1195 2456 1270 2517 1620.)

148 2545 236 2619 Viro
250 2546 448 2647 prudentia
463 2558 498 2619 et
511 2545 688 2619 facundia
707 2545 799 2646 pari,
815 2545 983 2620 dohanni
998 2543 1180 2619 Reuchlin
1198 2543 1296 2618 Phor-

145 2668 243 2742 censi
257 2669 333 2743 LL.
357 2668 525 2764 Doctori,
546 2668 738 2742 lohannes
755 2668 917 2744 Seceu'us
933 2668 1161 2742 Lauchenais
1175 2695 1202 2740 e.
1220 2665 1251 2740 d.
1269 2691 1296 2764 p·

234 2816 322 2882 Nihil
350 2839 425 2883 vero
450 2817 580 2883 suavius
603 2817 699 2896 mihi,
735 2816 812 2881 nihil
842 2818 1001 2882 amoenius
1026 2816 1175 2882 accidere
1200 2813 1299 2900 potuit

142 2921 204 2987 bac
227 2922 430 3007 potissimum
455 2930 658 3006 tempestate,
688 2944 785 3007 quam
809 2931 841 2988 te
871 2923 976 2987 virum
1001 2921 1083 2987 adeo
1107 2921 1256 2999 nobilem,
1276 2925 1302 2982 et

143 3026 344 3093 authoritate
367 3049 492 3094 summa
526 3036 697 3113 tantopere
729 3029 899 3113 desyderio
933 3028 996 3093 mei
1021 3028 1102 3112 capi.
1150 3027 1212 3107 Qui
1241 3045 1302 3092 eum

44 3172 47 3179 ·
144 3133 204 3198 sim
231 3139 352 3218 praeter
374 3135 569 3219 imperitiam
594 3135 636 3200 ad
660 3141 779 3200 caetera
802 3134 886 3200 male
911 3134 1037 3213 sollers,
1061 3133 1141 3198 nihil
1165 3132 1257 3199 video
1277 3132 1303 3196 iu

143 3260 194 3306 me
224 3239 299 3319 tale,
329 3240 415 3326 qnod
445 3263 547 3326 usque
577 3242 659 3307 adeo
682 3263 871 3325 permovere
904 3248 1004 3324 queat
1031 3239 1191 3323 judicium
1215 3245 1303 3322 atque

143 3344 341 3411 voluntatem
365 3346 464 3411 animi
486 3347 544 3412 tui.
583 3347 623 3411 Ni
646 3347 757 3413 forsan
781 3369 819 3412 eo
843 3368 946 3431 usque
972 3345 1032 3411 tibi
1047 3352 1195 3426 conatus,
1219 3363 1304 3430 quem

142 3448 300 3516 hactenus
331 3471 393 3516 non
427 3473 560 3535 prorsus
590 3452 790 3537 improspere
818 3453 975 3536 suscepi2
998 3452 1166 3535 probetur,
1194 3452 1248 3536 qui
1270 3447 1303 3515 ob

142 3554 290 3621 festivam
334 3557 453 3641 ingenii
493 3540 540 3623 tui
578 3558 763 3623 comitatem
809 3558 984 3624 mediocria
1028 3557 1126 3623 etiam
1167 3554 1304 3622 maximis

143 3658 257 3744 efferre
290 3661 440 3728 laudibus
472 3684 506 3728 es
541 3663 663 3729 solitus.
710 3664 777 3748 Ego
809 3686 885 3730 sane
921 3662 1031 3729 multis
1065 3661 1249 3729 nominibus
1279 3664 1303 3725 et

142 3764 262 3833 babere
287 3775 320 3832 et
350 3767 472 3833 referre
505 3768 564 3834 tibi
592 3769 729 3853 gratiam
755 3769 871 3851 debeo,
897 3771 953 3855 qui
977 3770 1010 3834 in
1033 3768 1181 3836 adversis
1205 3789 1303 3834 conso·

142 3871 220 3938 laris
243 3873 355 3952 amice,
379 3874 412 3937 in
435 3875 601 3958 prosperis
633 3875 804 3941 confirmas
827 3875 1019 3955 humaniter,
1042 3876 1074 3940 in
1099 3875 1246 3961 utrisque
1268 3873 1302 3938 ri·

142 3999 212 4042 rum
243 3984 380 4061 prestas
411 3980 497 4064 frugi
527 3989 560 4046 et
589 3986 835 4066 temperantem,
862 3982 1044 4066 exemplum
1080 3979 1242 4047 mehercle
1268 3975 1301 4044 ad

141 4082 285 4149 studium
310 4091 343 4149 et
366 4087 512 4152 ornanda
535 4087 608 4153 vitae
632 4085 740 4153 officia
763 4087 933 4171 singulare.

235 4187 396 4255 Caeterum
427 4189 460 4256 id
489 4191 575 4276 quod
606 4197 675 4258 tam
704 4192 829 4260 solicite
858 4201 894 4260 tu
919 4193 1118 4260 admonebas
1143 4193 1184 4260 de
1206 4193 1289 4260 Xeno

711 4323 727 4361 'l‘

213 4409 224 4459 1
246 4405 342 4460 Saldae
361 4425 383 4462 o.
404 4426 427 4463 v.
447 4411 601 4482 Xenophon.
700 4420 713 4466 2
735 4414 833 4485 Occepi
856 4420 877 4470 1.
