2716 4898
665 301 731 370 283

103 487 272 574 flagrantis
294 490 484 560 insecutum.
529 495 645 581 Itaque
669 493 758 559 nulla
773 499 865 576 atas,
888 492 978 560 nulla
1000 493 1073 560 rite
1097 513 1173 580 pars
1197 489 1277 562 mihi

102 595 224 680 agitur,
266 619 331 682 qua
370 621 433 666 non
468 597 593 684 aliquid
635 599 752 666 moliar
787 600 904 680 animo,
939 598 1028 686 quod
1062 598 1106 665 ad
1133 605 1276 669 externae

102 701 275 786 sapientiae
327 704 544 788 cognitionem
582 711 683 790 atque
722 706 805 773 adeo
847 706 889 772 ad
929 704 1115 791 prodendas
1154 706 1276 773 ιιοειιίε

100 806 287 875 hominihus
310 810 454 893 gentium
477 810 602 894 linguas
626 813 774 892 attineat,
798 833 861 877 non
892 810 987 878 nimis
1011 811 1080 877 alta
1109 811 1274 897 sapiendo,

100 913 159 980 sad
183 913 360 982 humilibus
376 918 615 984 consentiendo.
653 918 822 997 Quondam
846 938 961 1002 nempe
984 916 1174 985 adulescens
1207 927 1276 1002 egb,

100 1018 178 1085 dum
208 1039 360 1104 asperam
389 1029 423 1087 et
450 1023 564 1091 rudem
595 1024 695 1090 seculi
726 1024 903 1108 superioris
927 1022 1163 1109 philosophiam
1186 1021 1275 1108 apud

100 1125 291 1192 Rauracos¹
307 1128 462 1210 meditor,
488 1130 598 1196 statim
622 1129 664 1196 ad
687 1130 811 1197 cultum
835 1137 868 1196 et
891 1128 1050 1215 aquabile
1073 1150 1174 1214 genus
1196 1149 1268 1197 ora·

99 1231 198 1297 tionis
222 1231 346 1314 latinas,
376 1235 443 1301 sire
466 1236 608 1302 solutam
630 1237 745 1316 velles,
779 1237 845 1303 sive
869 1235 963 1303 nodis
986 1235 1141 1315 vinctam,
1164 1234 1269 1320 adjeci

98 1337 252 1404 animum.
297 1339 451 1425 interque
483 1343 604 1425 primos
628 1342 829 1427 professores
851 1348 889 1407 nt
913 1348 1000 1408 esset
1022 1341 1143 1426 aliquis
1167 1343 1267 1408 stiam

98 1465 178 1511 usus
193 1446 259 1511 mei
274 1446 306 1510 in
322 1447 533 1514 restituendis
549 1449 663 1529 literis,
687 1453 781 1514 extra
796 1446 942 1513 ordinem
958 1448 1130 1533 utriusque
1145 1447 1274 1532 generis

98 1549 257 1617 authores
287 1551 416 1636 publice
440 1552 545 1619 docui.
592 1556 698 1640 Atque
726 1554 759 1619 id
789 1554 929 1637 primum
953 1552 1079 1632 studio,
1111 1553 1212 1636 magis
1235 1558 1275 1619 nt

97 1656 303 1740 grammatici
330 1679 429 1743 qnam
452 1659 616 1743 elegantes
644 1660 849 1739 haberemur,
875 1657 954 1743 quid
978 1657 1063 1724 euim
1086 1657 1272 1742 requireres

98 1762 240 1847 amplius
271 1764 313 1830 ab
346 1764 529 1832 hominibus
563 1768 620 1851 qni
648 1787 749 1832 annos
773 1766 842 1850 jam
875 1784 975 1847 supra
997 1768 1160 1830 tercentos
1184 1763 1274 1831 aliud

96 1868 178 1937 nihil
199 1869 430 1951 moliebantur,
455 1892 553 1956 quam
581 1879 617 1938 ut
643 1871 777 1939 barbari
793 1875 909 1949 essent,
926 1869 1010 1936 unde
1027 1887 1100 1936 curn
1116 1869 1271 1955 loquendi
1339 1914 1341 1919 .

97 1974 185 2054 sitio,
210 1995 304 2042 amor
327 1977 428 2042 etiam
446 1984 480 2043 et
495 1976 645 2062 voluptas
668 1976 870 2043 balbutiendi
893 1974 1068 2043 insederat.
1093 1975 1156 2042 Sed
1179 1997 1270 2062 pros·

95 2100 174 2164 pere
205 2080 311 2147 cessit.
368 2081 492 2166 Magna
516 2083 564 2148 rei
588 2105 651 2148 uon
683 2083 805 2148 frustra
834 2103 964 2148 manum
988 2082 1136 2149 admoliti
1159 2103 1271 2150 sumus

94 2185 231 2253 tametsi
283 2192 416 2253 emenus
470 2189 718 2273 refragarentur
763 2188 854 2253 initio
896 2188 992 2256 istius
1038 2188 1163 2271 generis
1205 2207 1272 2253 ma-

89 2290 188 2374 gistri
214 2311 296 2376 qnos
315 2292 410 2358 hodie
433 2293 557 2360 scilicet
578 2294 688 2361 hostes
706 2295 858 2379 patimur,
880 2294 999 2379 quibus
1023 2292 1269 2378 corruptissimo

85 2396 216 2480 jndicio
240 2404 274 2463 et
297 2398 482 2465 admirabili
495 2403 637 2491 φιλαυτία
650 2399 850 2466 tumentibus
865 2396 944 2464 nihil
967 2404 1086 2483 prater
1109 2397 1194 2465 feces
1210 2416 1271 2464 sua

87 2508 183 2568 recte
199 2502 367 2586 probatur.
399 2505 467 2570 Iam
480 2527 602 2572 usuros
613 2506 885 2591 explendescebat
907 2503 1082 2589 fiebatque,
1102 2509 1141 2569 ut
1157 2502 1272 2587 purius

88 2613 124 2675 et
148 2608 311 2674 scriberet
334 2617 368 2675 et
390 2611 514 2678 diceret
531 2613 683 2696 juventus
707 2613 906 2696 germanica,
929 2610 1027 2695 idque
1051 2631 1103 2675 me
1129 2607 1271 2692 auspice.

184 2715 310 2781 Deinde
333 2719 472 2784 accessit
495 2738 673 2802 graecarum
689 2719 858 2784 literarum
882 2717 1034 2795 studium,
1058 2715 1126 2781 sine
1150 2714 1270 2799 quibus

91 2840 190 2886 nemo
228 2828 281 2886 sat
317 2822 439 2905 politus
476 2825 601 2890 censeri
635 2830 753 2908 potest.
810 2824 907 2889 Hisce
942 2823 983 2888 ad
1025 2819 1263 2906 philosophiam

90 2925 331 2993 revocabamur
347 2929 600 3010 aristotelicam,
631 2952 703 3014 quae
727 2951 789 2995 non
817 2930 878 2995 nisi
902 2950 923 2994 a
945 2928 1057 3013 grecis
1079 2925 1264 2993 hominibus

90 3031 227 3117 proprie
257 3054 296 3098 ac
327 3034 390 3099 rite
426 3034 512 3100 tradi
548 3036 639 3101 solet.
692 3037 765 3101 Huc
792 3034 999 3120 aspirabant,
1030 3034 1058 3100 si
1090 3034 1147 3120 qui
1176 3031 1270 3099 honis

90 3137 230 3222 ingeniis
253 3159 317 3204 non
333 3147 488 3224 corrupta
503 3141 569 3206 ista
592 3147 625 3206 et
640 3141 835 3225 perturbata
850 3140 1022 3225 disciplina
1036 3139 1149 3206 infecti
1165 3144 1269 3206 erant.

92 3242 222 3310 Sensim
263 3245 407 3329 pueriles
447 3245 631 3312 scholarum
672 3268 765 3331 nugae
799 3246 1043 3314 deserebantur.
1102 3245 1154 3314 Ihi
1191 3265 1267 3313 vero

91 3344 269 3434 supercilia
293 3351 443 3418 tollentes
467 3352 629 3419 veternosi
651 3353 812 3436 sophista,
837 3352 953 3418 mirum
977 3357 1013 3417 ιιι
1035 3350 1174 3431 ridiculi,
1198 3351 1263 3436 aje-

92 3453 190 3536 bant,
226 3455 394 3522 literarum
431 3479 531 3542 genus
558 3479 579 3523 a
606 3457 699 3524 nobis
733 3458 869 3523 tractari
904 3457 1045 3522 alienum
1077 3478 1098 3522 a
1125 3477 1260 3524 romana

91 3561 232 3644 pietate,
256 3561 386 3628 Graecos
409 3563 632 3629 schismaticos
649 3585 728 3644 esse,
744 3564 936 3630 interdictas
952 3583 1064 3628 eorum
1081 3562 1270 3649 disciplinas

91 3672 208 3732 contra
232 3667 376 3733 eeclesiae
409 3669 549 3734 decreta·
565 3670 657 3746 nohis
689 3671 851 3753 magistris
873 3668 978 3753 prodi.
1026 3668 1129 3734 Viden
1154 3668 1268 3754 quanti

90 3772 178 3838 ratio
210 3773 288 3838 mihi
318 3775 496 3857 primorum
523 3775 705 3841 studiorum
737 3775 935 3855 constiterit,
966 3797 1025 3860 per
1056 3796 1129 3861 quae
1158 3795 1270 3842 rerum

90 3877 293 3958 discrimina,
327 3881 404 3964 quid
434 3902 549 3965 passus
577 3903 597 3946 a
626 3881 779 3965 sophistis
810 3880 972 3947 effecerim
997 3888 1032 3947 ut
1060 3881 1268 3966 resipisceret

91 3983 268 4050 Germania
292 3986 342 4051 vel
366 3987 514 4053 tandem:
539 3987 616 4052 Sero
642 3989 726 4052 enim
749 3987 892 4072 Phryges
916 3989 1046 4072 sapiunt
1056 3988 1078 4053 ².

181 4089 261 4157 Hac
285 4098 360 4157 sunt
383 4093 493 4176 primae
513 4093 655 4178 juventae
679 4093 813 4173 merita,
842 4113 939 4178 quam
962 4092 1114 4178 intelligis
1140 4113 1268 4162 omnem

166 4274 177 4320 1
199 4270 229 4322 ln
248 4268 327 4320 Basel
350 4273 414 4319 1477
437 4271 463 4321 fl.
536 4274 550 4319 2
571 4271 634 4321 Sero
654 4271 732 4339 enim}
753 4272 921 4338 proverbium
941 4280 981 4321 est
994 4279 1084 4323 natum
1103 4289 1119 4323 a
1136 4272 1267 4339 Trojanis,

86 4357 131 4422 qui
152 4356 255 4409 docimo
279 4358 392 4424 denique
418 4374 487 4409 anuo
510 4358 581 4409 uella
606 4368 740 4438 coeperant
760 4361 889 4423 Helenam
916 4375 1024 4439 qunque
1051 4375 1110 4422 curn¹
1136 4375 1167 4411 er
1192 4369 1267 4425 eraqt

88 4451 163 4520 rapta
182 4445 291 4506 reddere
311 4447 430 4507 Achivis,
452 4447 562 4508 Festus,
