2716 4898
642 258 706 329 108

92 454 184 543 cnjus
206 475 284 522 sane
313 455 345 520 in
369 453 564 520 dictionario
595 460 652 520 tuo
675 454 793 538 saepius
821 453 1019 521 mentionem
1040 454 1134 522 facis.
1178 456 1252 523 Pru«

92 570 184 629 terea
206 562 235 628 si
264 583 320 628 ars
349 560 466 627 cabala
488 566 547 626 tua
577 568 610 626 et
642 581 743 645 opera
773 568 807 626 et
828 561 976 627 bonitate
1005 562 1041 627 in
1061 561 1168 629 lucem
1189 583 1253 647 pro·

92 667 207 747 dierit‚
235 669 327 752 cujus
359 665 523 732 hebraicae
551 666 669 750 linguae
699 665 852 731 studiosis
883 666 1011 751 copiam
1034 672 1069 733 te
1097 667 1251 734 iacturum

93 774 266 861 polliceris.
298 772 390 851 Quod
408 774 434 838 si
458 774 505 838 ita
522 778 582 852 est,
606 772 658 838 fae
675 794 792 858 quaeso,
815 773 936 857 optime
951 773 1012 852 vir,
1035 778 1070 839 et
1092 774 1170 839 mihi
1185 796 1251 859 quo·

93 902 156 967 que
189 881 366 966 impertias.
419 880 583 944 Praeterea
621 885 777 964 quantum
816 900 857 944 ex
891 885 947 944 tuo
985 901 1152 966 nunqnam
1182 879 1253 946 satis

92 986 241 1053 mirando
266 984 305 1051 de
323 984 421 1050 verbo
445 983 580 1053 mirifico
603 1006 701 1069 opere
724 985 836 1070 accepi
857 987 893 1049 τὰ
916 985 1012 1074 ὄνομα
1033 985 1254 1077 τετραγράμμα-

94 1116 147 1159 τον
170 1113 243 1158 cum
267 1091 308 1155 he
330 1091 364 1155 in
387 1088 460 1156 fime
485 1090 693 1157 scribendum
717 1092 819 1170 venit,
841 1090 904 1156 hoo
925 1090 1040 1157 modo:
1062 1105 1150 1157 mm.
1193 1092 1253 1176 Ego

95 1218 171 1263 vcro
210 1195 344 1262 bibliam
375 1195 568 1280 impressam
598 1196 707 1281 legens
739 1219 837 1282 quam
859 1196 938 1262 mihi
972 1196 1181 1263 doctissimus
1206 1197 1253 1264 ille

93 1308 193 1389 atquc
228 1300 477 1367 humanissimus
510 1301 679 1368 Conradus
711 1303 885 1387 Peutinger
917 1302 1124 1369 commodato
1163 1301 1254 1385 dedit,

95 1409 203 1494 recepi
226 1406 306 1474 illud
331 1427 392 1472 non
416 1428 476 1492 per
499 1407 553 1488 he,
576 1408 635 1474 sed
659 1407 768 1474 daleth
791 1409 824 1473 in
847 1406 909 1474 fine
933 1407 1049 1489 scribi,
1082 1408 1144 1475 hoo
1167 1407 1253 1475 modo

96 1528 179 1580 nrm.
226 1514 386 1581 Caeterum
419 1520 540 1598 praeter
563 1521 704 1598 quatuor
735 1513 958 1580 distinctiones
988 1534 1070 1599 quas
1099 1514 1133 1579 in
1157 1514 1255 1601 capite

96 1621 186 1687 tertii
209 1620 283 1686 libri
307 1619 548 1686 institutionum
577 1621 806 1687 hebraicarum
836 1621 929 1706 ponis
959 1618 1088 1687 offendo
1117 1627 1152 1687 et
1182 1619 1255 1687 alios

95 1727 341 1795 distinctionum
366 1725 573 1792 characteres
596 1727 628 1792 in
653 1727 792 1812 praefata
808 1726 909 1792 biblia
925 1775 1002 1792 .....
1028 1727 1058 1806 ¹,
1082 1723 1164 1810 qnid
1187 1746 1254 1790 vero

95 1832 157 1897 sibi
181 1832 281 1897 velint
305 1832 426 1915 ignoro.
475 1833 610 1898 Demum
636 1833 723 1917 quod
746 1831 901 1897 chaldaeae
929 1829 1140 1897 translationi
1164 1830 1253 1897 Jona·

95 1937 161 2003 tha
184 1938 358 2021 plurmum
383 1939 590 2005 auctoritatis
615 1939 746 2005 Hebraei
769 1939 927 2018 tribuunt,
956 1935 1081 2022 placuit
1105 1935 1197 2001 Patri
1222 1955 1255 2000 ac

96 2042 233 2108 Domino
257 2063 328 2108 meo
353 2042 539 2126 dignissimo
568 2044 682 2113 abbati
707 2045 735 2125 ²,
766 2043 953 2130 politiorum
975 2042 1146 2108 literarum
1176 2062 1255 2106 ama

96 2148 161 2214 tori
185 2147 350 2233 singulari,
374 2148 417 2212 ad
433 2150 587 2215 Venetiae
611 2150 754 2217 scribere
777 2172 837 2236 pro
861 2149 970 2215 bibliis
993 2148 1044 2232 (ut
1066 2144 1254 2233 appellant):

95 2252 243 2335 hebrae,
277 2254 422 2321 chaldaea
452 2256 546 2321 simul
579 2262 613 2322 et
642 2277 746 2340 graeca
779 2276 859 2341 quas
888 2253 1077 2340 propediem
1111 2257 1256 2320 venturas

94 2382 271 2446 speramus.
310 2361 358 2426 Ne
384 2382 458 2426 vero
480 2363 648 2445 jacturam
669 2385 712 2428 ex
735 2358 997 2428 elementorum⁸
1020 2359 1254 2425 chaldaicorum

96 2466 298 2551 ignoratione
322 2468 503 2553 patiamur,
537 2468 635 2533 etiam
660 2474 759 2554 atque
789 2468 888 2534 etiam
912 2487 990 2550 rogo
1012 2472 1052 2531 ut
1081 2464 1255 2532 chaldaeun

96 2572 308 2659 alphabetum
338 2580 396 2640 tna
428 2594 526 2639 manu
550 2581 720 2640 exaratum
743 2574 785 2639 ad
809 2593 867 2640 nos
890 2572 969 2639 dare
992 2571 1072 2638 uelis
1096 2569 1256 2637 cumbra·

96 2679 241 2746 uiuscula
263 2678 404 2765 quadam
425 2678 657 2745 dilucidatione
673 2680 696 2745 ⁴.
730 2680 824 2758 Quod
847 2679 909 2745 etsi
931 2677 1028 2764 plura
1050 2698 1149 2763 quarn
1171 2697 1254 2744 occu·

94 2786 243 2870 potiones
261 2791 329 2851 tune
353 2786 502 2851 maximae
525 2785 701 2851 admittant
716 2792 809 2871 peto,
832 2783 1046 2851 addiscentis
1069 2790 1180 2850 tamen
1201 2782 1255 2849 ler-

94 2910 203 2956 vcrem
228 2890 255 2955 si
289 2891 461 2976 respicias,
499 2890 645 2957 laborem
677 2892 845 2958 recusabis
880 2890 1013 2957 nullum.
1062 2888 1142 2955 Vale
1171 2887 1253 2963 benc,

97 2995 250 3060 Germani
274 2997 453 3079 specimen,
484 3003 521 3062 ut
543 2998 711 3063 verissime
735 2998 818 3063 Titio
843 2996 855 3036 ⁵
879 2997 975 3063 dete
999 2994 1127 3075 cecinit,
1151 2992 1253 3060 nobili·

96 3107 211 3186 tueque
236 3099 304 3166 soli.
351 3101 400 3166 Ex
423 3101 625 3188 Ottenpurra
648 3109 668 3168 8
692 3104 764 3168 Kal.
789 3104 893 3189 Majas
919 3100 1014 3169 1509.

185 3226 255 3286 Mae.
279 3224 449 3304 Elleubog⁶
472 3230 502 3290 in
518 3229 698 3292 Ottobeuren
719 3230 830 3291 abschr.
848 3247 875 3289 v.
897 3227 1080 3290 17791ib.1
1103 3228 1187 3304 epist.
1210 3226 1253 3286 70.

95 3332 144 3397 tel.
164 3337 222 3396 61⁸
238 3334 281 3394 bis
299 3336 366 3395 62³.

667 3489 686 3524 a

169 3597 177 3639 1
201 3588 294 3656 biblia]
315 3589 404 3655 fulgen
423 3591 511 3657 einigc
531 3593 746 3655 accentaeichen,
774 3592 815 3642 die
836 3593 885 3641 wie
905 3590 971 3640 alles
997 3589 1156 3641 hebrttische
1175 3591 1201 3640 in
1218 3587 1255 3638 der

96 3675 261 3728 handsclrrilt
279 3676 339 3727 sehr
361 3677 517 3730 undeutlich
536 3681 590 3732 und
609 3681 751 3732 seblerhaft
769 3678 941 3748 genebrieben
962 3678 1028 3729 sind.
1093 3682 1107 3728 2
1129 3674 1255 3730 Leonhsrd

96 3764 268 3816 Wioclcrnnuu
288 3780 309 3815 s.
329 3782 353 3815 o.
373 3780 429 3816 uro.
450 3766 489 3817 CI.
546 3770 710 3822 delemento
733 3774 755 3819 1.
828 3768 1048 3818 edilucitsuons
1069 3772 1092 3817 1.
1148 3762 1255 3830 b'litiel

97 3853 200 3905 dobant.
222 3852 328 3915 llrandt,
348 3853 400 3919 vgl.
421 3854 514 3905 dassen
534 3858 602 3908 oben
621 3874 677 3907 nro.
698 3857 757 3907 LVI
776 3873 799 3906 a.
819 3859 834 3906 3
854 3855 1024 3922 angesitbrtes
1043 3854 1169 3922 Elegium
1191 3854 1257 3911 1491,

97 3940 190 3993 ‹loesi-n
211 3949 279 3991 erote
299 3956 373 3991 vorse
392 3941 496 3992 leuton:

305 4069 424 4136 Cspnion
444 4070 559 4122 illustres
577 4074 645 4123 inter
664 4071 831 4123 memorande
850 4079 953 4139 poetas,

307 4158 429 4208 Germani
449 4160 595 4225 specimen,
613 4160 795 4225 nobilitasque
813 4161 873 4213 soli.

97 4284 112 4333 d
134 4281 196 4333 ltine
215 4301 318 4351 gerrone
338 4285 535 4352 boscbreibung
554 4287 599 4338 der
618 4289 759 4345 baudachr.
778 4307 799 4342 s.
820 4295 912 4343 deterr.
938 4288 1175 4355 vierteljabrsschr.
1201 4304 1225 4339 n.
1239 4301 1257 4335 s·

98 4384 130 4420 w.
150 4384 170 4428 s,
191 4374 252 4427 itt.
