2716 4898
624 310 667 376 99

58 521 121 583 pro
138 499 393 585 uniuscujusque
416 499 605 585 interpretis
629 502 800 567 sententia.
838 502 927 568 Nihil
942 505 1025 571 enim
1042 505 1093 572 vel
1116 528 1232 591 parum

57 605 199 671 arbitrio
238 612 350 672 nostro
380 605 585 691 reliquimus,
614 607 672 672 sed
704 608 876 693 cujuslibet
910 611 1118 679 translatoris
1147 613 1234 698 judi·

57 709 146 775 cium
171 711 432 776 munstravimus.
471 712 587 777 Restat
608 713 704 784 modo
728 720 765 779 ut
787 715 985 781 memineris:
1009 718 1233 802 praecedenti-

57 815 121 882 bus
146 815 274 883 duobus
304 817 337 882 in
366 817 458 883 libris
482 817 637 884 hebraica
659 841 710 885 me
741 820 904 903 primitiva
927 821 1030 888 solum
1054 823 1231 908 collegisse,

57 944 124 989 non
148 929 257 990 autem
282 923 497 1004 thalmudica,
525 946 629 1010 neque
653 925 831 1007 chaldaica,
854 928 996 1011 psalmos
1020 928 1159 1015 denique
1182 951 1230 996 se·

57 1029 201 1108 cundum
221 1029 444 1097 Hebraeorum
467 1051 635 1097 nnmerum
660 1037 694 1096 et
717 1054 779 1097 non
800 1033 897 1116 juxta
919 1034 1074 1100 ecclesiae
1098 1041 1230 1102 nostrae

57 1133 306 1201 adnotationem
323 1135 451 1215 citasse,
476 1142 610 1221 propter
627 1159 692 1218 eos,
717 1139 771 1223 qui
788 1138 828 1204 de
845 1139 952 1205 Biblia
967 1140 1121 1207 hebraica
1137 1161 1231 1207 cuna·

58 1241 182 1307 buntur
215 1241 396 1307 doctrinam
428 1249 574 1308 nostram
605 1243 785 1327 prudenter
818 1246 937 1311 conari.
984 1247 1076 1311 Nunc
1107 1247 1140 1311 in
1169 1245 1230 1313 hoc

57 1346 158 1412 tertio
175 1346 258 1412 libro
284 1347 327 1412 ad
342 1354 449 1413 artem
466 1350 709 1432 grammaticam
728 1371 950 1434 properamus,
974 1357 1011 1416 ut
1034 1351 1088 1435 qui
1112 1373 1152 1417 ex
1175 1372 1231 1418 an·

57 1453 235 1519 terioribus
263 1453 390 1538 legendi
413 1454 545 1520 modum
571 1460 604 1520 et
627 1454 855 1521 uocabulorum
884 1455 1111 1522 hebraicorum
1136 1457 1232 1540 sigui·

56 1555 158 1624 ficata
192 1565 281 1625 recte
308 1560 375 1644 jam
407 1566 534 1640 tenent,
567 1561 882 1644 aconsequentibus
899 1561 1027 1625 discant
1050 1562 1230 1627 orationem

57 1665 265 1749 expertibus
297 1665 364 1731 suis
386 1672 604 1732 constructam
622 1665 838 1732 artificialiter
861 1664 1047 1748 explanare.
1079 1666 1115 1729 ln
1140 1665 1230 1731 tenui

57 1769 167 1836 labor:
190 1777 226 1835 at
249 1771 355 1836 tenuis
379 1792 442 1835 non
466 1771 577 1855 gloria.
616 1772 723 1849 Quare
739 1769 948 1834 vehementer
965 1769 1104 1850 curabis,
1127 1770 1155 1835 si
1178 1791 1229 1836 me

56 1896 158 1955 amas,
176 1882 212 1941 ut
228 1880 286 1941 tua
302 1876 517 1960 intelligentia
533 1877 576 1942 sit
591 1876 735 1960 adjutrix
751 1881 881 1940 nostrae
898 1874 1089 1940 industriae.
1113 1875 1231 1941 Brevia

56 1988 90 2046 et
113 1980 199 2047 levia
222 1981 282 2047 tibi
314 1987 490 2064 praecepta
514 1981 599 2047 dabo
628 1987 662 2046 et
685 1980 779 2046 simul
803 1980 909 2060 clara,
934 1980 1020 2066 quod
1047 1981 1130 2047 alius
1154 1987 1231 2048 ante

56 2108 108 2151 me
133 2086 216 2155 fecit,
239 2106 341 2151 nemo.
389 2085 485 2151 modo
516 2107 609 2166 cave,
642 2108 682 2152 ne
713 2092 745 2151 te
779 2085 900 2152 laboris
926 2094 1112 2171 pertaesum
1144 2088 1232 2152 inve·

56 2193 153 2256 niam.
207 2189 311 2273 [Eudo
345 2189 402 2256 des
437 2191 559 2258 dritten
594 2192 737 2276 buches]
784 2192 895 2257 llinem
931 2192 1068 2258 docendi
1103 2191 1230 2271 faciam,

56 2301 92 2361 tu
116 2317 194 2361 vero
219 2295 365 2362 discendi
388 2318 581 2383 numquam,
612 2299 640 2363 si
671 2297 767 2362 modo
792 2297 898 2382 sapis,
922 2319 994 2362 cum
1026 2299 1108 2364 enim
1139 2297 1230 2363 nulla

56 2401 99 2467 sit
121 2402 285 2485 possessio
310 2401 460 2469 doctrina
484 2403 664 2484 honestior,
694 2401 769 2467 dum
802 2423 840 2468 ea
863 2401 965 2467 uideri
995 2402 1094 2468 debet
1116 2403 1230 2469 hones·

55 2507 199 2587 tissima,
223 2528 307 2592 quae
336 2508 422 2574 circa
446 2530 499 2575 res
532 2530 675 2575 summas
699 2515 733 2573 et
755 2507 964 2573 admirabiles
997 2514 1160 2587 versatur,
1193 2513 1231 2572 ut

56 2618 133 2678 sunt
157 2612 238 2678 haec
272 2613 472 2695 rudimenta,
503 2636 587 2700 quae
613 2615 672 2680 tibi
697 2620 731 2680 et
757 2634 816 2698 per
846 2620 878 2677 te
910 2612 1057 2679 omnibus
1088 2631 1228 2677 arcanae

56 2718 284 2802 philosophiae
315 2719 441 2804 cupidis
481 2719 598 2804 puerili
635 2720 712 2785 licet
749 2716 886 2784 artificio
923 2717 1129 2802 praebebunt
1165 2717 1229 2783 iter

56 2824 99 2889 ad
134 2824 427 2908 perscrutationem
459 2824 785 2910 profundissimarum
815 2825 1042 2903 scientiarum,
1075 2824 1127 2888 cui
1157 2843 1229 2908 gra-

57 2929 208 2995 sissimus
244 2930 440 3013 astipulatus
475 2932 568 2996 testis
607 2930 662 2996 ille
702 2930 830 3014 imperii
865 2930 1002 2994 Romani
1040 2930 1157 2995 nobilis
1195 2935 1229 2994 et

57 3055 233 3118 generosus
268 3056 374 3101 comes
409 3035 552 3101 Joannes
586 3036 681 3100 Picus
717 3035 979 3116 Mirandulanus,
1016 3035 1228 3119 Philosophus

55 3141 88 3205 in
117 3141 185 3205 suis
208 3140 467 3206 conclusionibus
493 3141 514 3221 ¹,
547 3163 646 3226 quum
670 3141 733 3219 ait,
770 3141 850 3221 ,Qui
879 3140 1025 3206 ordinem
1054 3139 1227 3206 hebraicae

56 3247 187 3330 linguae
211 3245 370 3330 profunde
395 3255 428 3312 et
459 3246 648 3313 radicaliter
679 3247 822 3312 tenuerit
845 3253 943 3330 atque
973 3246 1065 3311 illum
1094 3265 1229 3330 propur-

56 3350 261 3417 tionabiliter
292 3353 324 3417 in
356 3352 499 3417 scientiis
532 3373 663 3418 servare
693 3352 833 3431 noverit,
866 3353 1084 3436 cujuscunque
1108 3351 1229 3416 scibilis

58 3456 206 3542 perfecte
234 3456 418 3522 inveniendi
447 3479 594 3523 normam
624 3463 657 3523 et
684 3457 829 3540 regulam
852 3455 1003 3521 habebit“
1031 3457 1074 3519 Et
1097 3461 1228 3520 sanctus

58 3564 108 3627 vir
132 3563 347 3646 Hieronymus
381 3563 423 3628 ad
446 3563 580 3628 Paulam
612 3562 766 3629 Urbicam
794 3561 834 3626 da
863 3559 1059 3645 alphabetho
1083 3561 1229 3627 Hebrae-

59 3688 173 3735 orum:
208 3667 285 3752 quid
314 3668 376 3735 hoc
401 3668 423 3748 ²,
453 3669 576 3753 inquit,
611 3668 770 3734 sacratius
802 3667 1029 3734 sacramento?
1061 3667 1139 3751 quid
1167 3667 1229 3733 hac

634 3853 650 3888 a

134 3961 144 4006 l
168 3955 195 4004 ln
216 3954 265 4005 den
285 3955 434 4006 bekunuten
455 3956 487 4006 46
502 3953 695 4005 conclusiones
715 3952 783 4004 nach
803 3952 849 4004 der
867 3954 961 4005 schrift
980 3953 1025 4005 des
1044 3953 1138 4003 Pikus:
1157 3954 1230 4019 Apo·

58 4042 132 4111 logia
149 4043 276 4095 tredecim
295 4045 471 4109 questionum
490 4041 572 4093 findet
589 4042 647 4094 sich
661 4042 702 4092 die
715 4043 890 4108 mitgetbeilte
903 4043 980 4094 atelle
997 4041 1079 4091 nicht.
1136 4038 1227 4104 tquid

59 4131 171 4182 bochis
194 4133 292 4182 intrare
316 4131 493 4196 Hieronymus
519 4145 542 4182 a.
563 4146 587 4180 a.
608 4147 631 4180 ο.
652 4129 740 4197 Opera
759 4129 799 4180 ed.
824 4131 949 4181 Erasmus
972 4129 1095 4194 (Basilee
1126 4126 1231 4177 Froben

61 4221 139 4286 1516)
158 4220 186 4269 iu
207 4219 253 4269 tol.
272 4218 325 4268 vol.
345 4219 443 4270 1vf01.
463 4219 521 4268 nob.
560 4219 593 4269 H.
608 4218 679 4268 murt
697 4219 760 4269 fort:
781 4224 808 4268 et
826 4235 933 4270 sensum
953 4217 1079 4267 creatoris
1098 4215 1231 4281 inspicere

59 4315 83 4358 et
110 4323 247 4359 servnones
273 4306 370 4357 domini
398 4307 439 4357 dei
468 4308 507 4356 tui
539 4307 585 4372 qni
611 4307 644 4357 ab
670 4306 750 4372 hujus
775 4307 864 4356 mundi
888 4303 1052 4372 sapientibus
1078 4304 1232 4355 deridentur

60 4397 150 4468 plenos
171 4396 268 4447 decere
287 4397 417 4463 sapientia
434 4394 566 4462 spiritali?

983 4480 1030 4542 7*
