2716 4898
664 254 705 319 27

88 466 232 527 possem,
256 444 362 510 verbis
379 444 493 510 saltem
511 443 787 529 qualibuscunque
804 443 927 526 gratias
943 463 1050 525 agere,
1074 461 1262 526 quanquam

89 569 157 613 non
180 550 276 633 plane
301 550 528 633 intelligebam,
553 571 618 633 qua
628 549 760 641 dicendi
778 548 880 633 copia,
904 547 1021 632 quibus
1037 547 1144 612 verbis
1165 545 1263 610 affec·

91 646 162 718 tum
194 657 294 720 animi
322 677 399 738 erga
431 661 463 719 te
487 655 549 721 mei
581 654 749 720 declarare
777 655 956 738 potuissem
985 675 1055 718 cum
1084 650 1263 736 conoydero

91 761 156 825 vim
182 767 216 825 et
239 761 394 826 bonitatis
419 767 483 825 tuae
514 766 547 825 et
574 761 692 824 amoris
723 754 820 844 q'uam
850 759 883 822 in
907 756 1042 822 mirifica
1065 757 1122 820 illa
1150 757 1190 822 de
1213 778 1265 821 mc

92 866 326 950 praedicatione
359 865 573 950 pulcherrime
603 865 778 929 declarasti
813 885 911 949 quum
949 862 1102 927 hesterno
1139 861 1266 946 vesperi

92 972 130 1034 τό
153 974 305 1061 προοίμιον
329 961 519 1061 ἀφροδήσεως
543 976 581 1044 εἰς
604 971 673 1042 τούς
696 970 835 1058 ἐλέγχους
858 970 1043 1058 copton-taem
1070 978 1125 1032 τοῦ
1149 971 1266 1056 ἀριστο-

93 1078 200 1151 τέλους
224 1098 286 1140 nou
310 1077 377 1141 sine
401 1075 615 1140 admiratione
639 1075 736 1140 immo
753 1097 824 1140 cum
849 1095 974 1140 summo
989 1072 1155 1157 voluptate
1172 1072 1267 1137 vidis·

94 1204 147 1246 ses
171 1183 223 1246 καὶ
245 1184 302 1274 γὰρ
319 1182 405 1270 ἔρωτι
420 1181 563 1255 πολλάκις
580 1177 604 1261 ᾧ
620 1181 774 1269 πολύφαμι
788 1180 829 1244 τὰ
845 1182 886 1268 pl,
903 1181 982 1243 aziel
1006 1180 1086 1243 καλὰ
1107 1178 1265 1267 πέφανται.

95 1289 263 1353 Praeterea
285 1298 338 1361 τῆς
361 1285 585 1376 καλοκαγαθίας
609 1286 693 1376 ἔργον
718 1288 797 1349 ἐστὶν
814 1281 871 1358 οἷος
895 1284 931 1348 ἄν
955 1289 970 1347 ὁ
994 1274 1132 1372 εὔυδρος
1148 1283 1266 1373 γένοιτο

95 1394 194 1466 τοιοὺς
232 1384 266 1456 δὲ
299 1397 407 1456 ἑαυτοῦ
440 1389 515 1455 εἶναι
544 1391 580 1455 ἄν
612 1385 740 1466 εὔξαιτο.
788 1389 858 1454 Tibi
890 1389 988 1471 igitur
1020 1411 1079 1472 pro
1111 1387 1267 1471 sapientis

96 1519 187 1562 more
211 1498 378 1582 praemium
403 1497 446 1561 sit
470 1496 744 1574 vi1·tustua,ubi
768 1517 841 1560 mea
863 1516 924 1559 raon
943 1493 1157 1578 responderit.
1204 1494 1269 1557 lta·

99 1625 162 1687 quc
187 1625 294 1668 meum
318 1609 512 1687 perpetuum
543 1602 683 1667 studium
714 1607 747 1665 et
775 1608 920 1664 mutuum
944 1599 1201 1663 benevolentiam
1225 1597 1267 1661 ob

98 1710 288 1773 memoriam
312 1715 376 1773 tuae
400 1708 529 1792 optimae
553 1707 592 1772 de
616 1728 666 1772 mc
691 1707 759 1790 spei
783 1705 891 1790 quoad
908 1705 1016 1769 vixero
1033 1725 1195 1788 nunquam
1214 1702 1269 1767 de·

97 1815 243 1880 futuram
267 1812 327 1878 tibi
348 1813 511 1897 polliceor,
536 1812 742 1896 couaborque
765 1812 860 1877 modo
884 1811 966 1875 votis
990 1809 1115 1894 aspiret
1131 1809 1210 1873 deus
1226 1827 1267 1873 ne

99 1927 162 1985 tuae
194 1920 283 2003 apud
316 1918 629 1984 Reverendissimum
659 1917 822 1982 dominum
854 1937 1054 1981 communem
1083 1915 1268 1998 episcopum

99 2027 372 2091 Wormaciensem
387 2025 504 2090 futurae
520 2023 808 2089 commendationis
825 2023 960 2106 ejusque
976 2021 1007 2085 in
1024 2041 1074 2085 mc
1099 2017 1268 2085 beneficio·

99 2155 169 2197 rum
194 2133 314 2215 pigeat.
360 2130 440 2196 Vale
471 2130 569 2212 igitur
599 2135 633 2194 et
655 2150 706 2193 me
730 2128 758 2192 si
781 2149 908 2192 mereor
931 2127 1017 2191 illius
1040 2125 1155 2210 gratim
1186 2145 1271 2188 com-

99 2239 226 2303 menda.
274 2239 383 2302 Romae
419 2259 459 2301 ex
491 2235 614 2300 aedibus
645 2233 914 2299 Reuerendissimi
946 2234 1004 2297 Dn.
1033 2229 1215 2296 Cardinalis
1239 2229 1270 2294 S.

102 2345 204 2408 Marci
229 2343 361 2408 Calend.
384 2343 522 2426 Augusti
549 2345 644 2406 1490.

193 2442 1269 2526 1=c.v.e.g7b8a;2=J.v.e.kisq.;3=C.v;e,11.lol.

104 2554 163 2618 57¹1
181 2576 223 2631 sq,

628 2727 743 2794 XXIV.

171 2843 320 2894 Eiclustltdt.
1033 2843 1047 2888 3
1068 2839 1133 2888 Νον.
1159 2840 1234 2888 1490.

102 2955 311 3030 Bernardus
330 2954 543 3030 Adelmanu
568 2953 613 3028 de
637 2952 992 3028 Adelmannsfcldeu
1016 2979 1065 3025 an
1088 2949 1272 3025 Reuchlin

103 3127 203 3192 daukt
227 3128 279 3192 fur
303 3127 365 3192 den
389 3126 577 3191 crhaltenen
594 3126 692 3203 brief,
716 3124 807 3190 lehnt
829 3125 908 3190 aber
925 3125 976 3189 die
1001 3123 1174 3200 rorwiirfe,
1198 3121 1273 3185 dass

103 3258 137 3298 er
159 3234 266 3298 nichts
290 3231 549 3312 verdffentlichc,
573 3233 632 3296 mit
656 3233 787 3296 hiuweis
811 3233 870 3297 auf
888 3232 975 3296 scine
1000 3227 1202 3311 unfahigkeiu
1221 3227 1273 3292 ab.

103 3343 161 3406 Die
172 3339 511 3420 Homeriibcrsetzung
529 3339 586 3403 des
601 3339 725 3402 Lorenz
739 3336 832 3402 Valla
845 3337 966 3401 besitne
984 3358 1019 3400 er
1035 3334 1132 3412 nicht,
1150 3333 1276 3398 sclriekt

104 3447 206 3510 daher
239 3445 300 3508 den
331 3442 450 3526 anfang
480 3445 568 3508 einer
598 3445 630 3507 in
660 3445 738 3509 Rom
772 3443 943 3525 gakausten
976 3441 1191 3523 ubersetzung
1218 3440 1275 3504 des

103 3552 260 3616 Nikolaus
284 3549 454 3628 deValle,
485 3549 581 3618 theilt
604 3549 677 3627 mit,
709 3549 784 3613 dass
808 3549 878 3612 eine
903 3547 1011 3612 solche
1042 3569 1099 3609 von
1126 3545 1199 3609 dem
1229 3544 1276 3609 bi·

104 3657 196 3723 schof
217 3657 345 3721 lohann
368 3677 429 3719 von
454 3654 673 3719 Fiinfkirchen
698 3653 860 3718 volleudet
883 3655 943 3730 sei,
971 3655 979 3690 ¹
1005 3651 1070 3716 und
1101 3651 1198 3715 bittet
1221 3672 1275 3715 um

104 3746 411 3844 iibersendungder
436 3761 539 3825 werke
565 3761 621 3825 des
645 3760 903 3844 Chrysostomus.
951 3759 1068 3822 anon.
1088 3758 1167 3821 Nor.
1192 3776 1275 3820 airino

107 3876 201 3934 1490.
250 3867 397 3931 nistadii.

194 3977 355 4036 Gedrucltt:
384 3982 397 4034 1
423 3999 464 4029 .-;
489 3976 521 4036 C.
543 3994 569 4035 v.
594 3995 618 4035 e.
636 3994 651 4035 c
669 3971 751 4047 ως
777 3977 899 4034 2τ-1.
918 3994 943 4033 v.
962 3991 986 4033 c.
1004 3993 1019 4032 c
1037 3966 1118 4043 2⁵¹·1’3
1146 3968 1273 4030 3=O.

105 4078 409 4144 aassfflstfflb

679 4200 696 4238 a:

178 4298 186 4340 1
211 4278 283 4342 illici·
303 4293 374 4340 diosc
394 4292 605 4356 tiberaetzungen
626 4290 679 4356 vgl.
702 4288 809 4351 Vahlen,
830 4287 907 4336 Laut.
930 4287 1010 4336 l'allae
1030 4299 1120 4346 opusc.
1135 4286 1185 4334 tria
1200 4282 1277 4331 wien

111 4383 174 4432 1869
195 4397 215 4430 s.
237 4384 266 4430 61
291 4382 333 4432 bie
357 4385 413 4430 121.
