2716 4898
532 284 533 288 ’
660 286 725 351 309

92 495 167 542 oum
191 475 225 541 in
247 473 424 559 Germania
446 474 656 562 Raymundus
681 473 764 542 dira
788 476 952 543 memoriae
968 474 1150 544 cardinalis
1173 477 1208 544 Ρ.
1232 477 1265 544 S.

94 580 208 647 Mariae
240 602 328 646 nova
356 580 498 667 legatum
528 580 614 648 sedis
645 581 832 666 apostolica
865 588 1004 665 gereret,
1033 580 1092 648 ubi
1122 603 1180 667 ego
1209 583 1264 649 ille

94 685 261 766 Reuchlin,
285 688 341 772 qui
365 694 398 753 et
414 687 568 770 Oapnion,
591 686 669 751 nihil
687 687 769 752 lucri
792 686 833 752 de
851 685 991 752 ecclesia
1006 707 1156 772 sperans;
1178 707 1268 755 eram

94 793 190 872 enim,
213 783 257 857 ut¹
273 813 353 871 sum,
378 793 670 860 ecclesiasticorum
689 791 918 859 beneficiorum
936 798 969 858 et
985 799 1197 878 proventuum
1220 794 1267 859 in-

92 897 208 980 dignus
236 904 271 963 et
301 898 452 981 incapax,
481 897 582 964 laicus
617 905 650 963 et
683 898 830 986 digamus
854 919 958 984 neque
981 919 1118 983 usquam
1142 897 1266 984 aliquid

90 1011 213 1086 praeter
235 1003 298 1069 XII
321 1023 421 1087 agnos
444 1002 498 1068 dei
521 1003 690 1087 recipiens.
725 1003 943 1070 Nihilominus
970 1005 1136 1072 tamenin
1160 1011 1267 1071 extre·

92 1129 180 1174 mum
208 1107 389 1192 periculum
423 1115 611 1175 constanter
633 1110 726 1193 posui
750 1115 783 1175 ot
806 1110 905 1177 vitam
930 1115 964 1176 et
987 1115 1090 1175 totam
1112 1109 1161 1175 rei
1183 1129 1264 1175 meas

91 1212 262 1279 familiaris
291 1212 576 1299 quantulacunque
607 1220 659 1280 est
688 1215 906 1281 substantiam
936 1221 1052 1281 contra
1079 1215 1264 1300 potentissi-

91 1340 170 1399 mos,
195 1340 255 1402 pro
281 1317 418 1386 ecelesia
433 1320 588 1398 Romana,
616 1325 758 1386 testante
780 1319 836 1386 illo
859 1319 972 1388 eodem
995 1320 1263 1387 reverendissimo

91 1423 165 1490 divo
198 1423 387 1509 Raymundo
416 1446 476 1510 per
510 1425 634 1508 signum
665 1425 789 1508 proprii
822 1424 1060 1510 chirographi¹
1085 1447 1124 1491 ac
1147 1446 1262 1494 manus

92 1551 158 1596 suaa
188 1528 400 1613 multiplicem
432 1530 717 1616 subscriptionem,
748 1551 844 1615 quam
880 1531 930 1596 his
953 1530 1057 1596 literis
1085 1531 1263 1599 introclusi.

91 1638 134 1700 At
157 1651 257 1719 quam
280 1634 410 1701 fortiter
433 1641 467 1702 et
490 1636 738 1721 magnanimiter
760 1634 979 1701 dimicaverim
1003 1655 1063 1721 pro
1087 1636 1165 1702 sedo
1187 1658 1264 1723 apo·

90 1740 208 1807 stolioa
232 1761 290 1826 ego
307 1747 340 1808 et
355 1740 458 1808 laicus
483 1747 517 1808 et
538 1741 686 1826 digamus
711 1748 744 1807 et
766 1739 856 1806 nulla
871 1739 961 1806 lucra
984 1740 1045 1805 nisi
1069 1740 1178 1806 divina
1194 1763 1265 1828 spe-

89 1868 177 1928 rans,
201 1868 242 1912 ex
264 1845 315 1913 his
337 1846 470 1913 inclusis
497 1868 663 1931 cognosce,
687 1868 771 1933 quae
797 1853 830 1912 et
853 1846 955 1912 oeulis
979 1866 1093 1912 cernas
1117 1853 1151 1914 et
1173 1869 1265 1914 sanc·

90 1952 215 2018 tissima
233 1951 332 2018 Leoni
348 1951 513 2032 ostendas,
529 1951 677 2019 obtestor
701 1958 734 2017 et
757 1951 902 2032 obsecro,
919 1957 956 2017 ut
979 1951 1122 2037 supersit
1145 1953 1261 2020 saltem

89 2057 202 2144 aliqua
237 2054 402 2141 gratitudo
440 2056 528 2140 apud
563 2058 673 2124 sedem
696 2059 884 2137 Romanam,
916 2063 1119 2143 quapropter
1149 2060 1260 2126 caeteri

90 2161 229 2246 posthac
253 2159 358 2228 eidem
382 2160 573 2229 benefacere
596 2163 784 2229 invitentur.
831 2163 921 2229 Aucb
952 2163 1056 2229 durch
1080 2163 1168 2230 seina
1193 2165 1261 2230 wis-

91 2264 363 2333 senschaftlichen
394 2266 575 2352 leistungeu
605 2268 659 2335 fiir
685 2268 737 2334 die
762 2267 959 2352 griechische
982 2267 1049 2334 und
1072 2267 1264 2334 hebriiscbe

92 2370 230 2458 spracho
254 2370 338 2438 habe
362 2394 398 2437 er
420 2371 490 2438 sich
512 2394 566 2438 um
590 2373 642 2440 ‹lie
658 2373 769 2440 birche
793 2373 940 2438 serdient
954 2373 1112 2458 gemacht,
1135 2373 1264 2440 endlich

92 2477 195 2545 durch
226 2478 314 2544 seine
344 2482 386 2544 28
412 2478 538 2562 jahre²
572 2478 647 2564 lang
681 2479 754 2544 dem
789 2478 1040 2566 prodigerorden
1069 2480 1263 2546 erwieseuen

91 2591 208 2650 treueu
232 2582 367 2651 dienste.
414 2583 619 2667 Stntgardiae,
642 2585 685 2650 id.
709 2584 788 2651 Nor.
814 2588 909 2649 1518.

183 2709 347 2769 Haudsobr.
372 2727 415 2768 =
436 2709 515 2772 Barl.
539 2725 624 2770 mser.
648 2710 699 2770 iol.
723 2715 777 2783 263
803 2712 882 2771 2:
898 2708 1098 2782 Friedltndar,
1133 2710 1263 2785 boitrtge

93 2833 116 2876 s.
142 2817 184 2876 83
209 2815 254 2876 bis
277 2816 329 2876 85.

590 3129 769 3199 CCLXXV.

160 3221 347 3274 Ottenbaurcn.
1008 3223 1039 3272 19
1060 3221 1125 3272 Nor.
1148 3223 1226 3273 1518.

93 3311 222 3413 Frater
233 3309 414 3386 Nicolaus
426 3307 615 3408 Ellenbog
624 3308 765 3383 loanni
778 3308 961 3384 Reuchlin
975 3308 1177 3383 Phorcensi
1185 3335 1212 3381 s.
1224 3309 1259 3383 d.

184 3474 300 3540 Paucis
315 3472 489 3540 admodum
501 3474 677 3539 transactis
690 3473 805 3538 diebus
818 3471 832 3511 ⁸
848 3472 923 3538 dedi
936 3471 980 3539 ad
996 3479 1029 3538 te
1046 3474 1168 3554 literas,
1184 3473 1265 3539 inte-

93 3581 234 3666 gerrime
258 3579 313 3658 vir,
338 3578 456 3665 quibus
477 3600 585 3644 meum
601 3579 634 3643 in
657 3584 690 3644 te
714 3579 857 3644 animum
879 3578 1121 3662 paratissimum
1145 3578 1263 3658 detexi,

92 3687 191 3754 immo
216 3684 336 3751 dudum
352 3683 413 3751 tibi
436 3690 546 3750 notam
562 3683 763 3749 voluntatem
787 3683 819 3749 in
843 3683 932 3749 nullo
947 3684 1153 3749 immutatam
1169 3685 1263 3763 scias,

91 3793 140 3858 tui
163 3791 249 3858 enim
281 3791 419 3856 nominis
449 3796 482 3855 et
513 3789 645 3855 honoris
667 3809 848 3873 praeoonem
879 3809 930 3853 me
961 3810 1031 3855 esse
1055 3794 1146 3854 certo
1169 3789 1263 3855 scias.

90 3899 135 3964 Et
162 3898 191 3963 si
220 3897 296 3963 licet
325 3895 464 3979 ineptire
494 3896 528 3960 in
556 3894 744 3980 iusipientia
772 3895 843 3960 dieo
874 3894 1000 3977 (verum
1025 3899 1132 3960 tamen
1156 3893 1264 3960 dicere

92 4024 157 4069 non
181 4000 364 4088 erubeseo),
389 4000 478 4068 nulla
493 4001 664 4067 missarum
695 3999 799 4066 officia
813 4019 970 4084 peragere
994 3998 1091 4078 soleo,
1114 4000 1192 4083 quin
1215 3998 1264 4066 tui

672 4187 690 4226 2

166 4323 177 4368 l
198 4317 260 4386 Vgl.
286 4319 354 4369 obon
380 4336 435 4371 uro.
462 4320 592 4372 LXXXII.
669 4325 684 4372 2
705 4319 876 4373 Friadlitnder
899 4318 994 4371 druclrt
1019 4320 1181 4389 duotrigiuta
1203 4327 1268 4374 statt

91 4407 295 4484 duodetriginta.
370 4411 384 4460 3
404 4409 430 4462 S.
449 4409 465 4471 b
485 4410 551 4470 Nor,
573 4410 649 4484 1518,
668 4409 735 4468 oben
755 4426 810 4466 aro.
830 4407 966 4466 cctxlx.
1018 4483 1021 4488 ,
