2716 4898
656 314 719 382 291

94 509 163 570 tres
193 509 296 589 atque
326 503 474 569 monaehi
506 504 549 570 ab
577 504 649 570 istis
678 503 842 570 homiuum
871 506 1026 572 monstris
1057 507 1113 590 qui
1140 527 1268 574 omnem

95 609 314 676 conditionem
330 609 509 694 priscorum
525 609 758 693 phariseorum
781 612 813 677 in
830 633 865 677 se
882 605 1006 677 habent
1022 633 1102 696 quos
1119 613 1268 679 Christus

94 737 226 800 semper
248 716 387 780 maximo
411 715 486 780 odio
511 715 633 781 babuit.
680 716 796 795 Quare,
826 722 862 783 ut
886 717 1037 795 arbitror,
1063 718 1132 802 jam
1162 717 1267 784 denuc

93 819 139 900 fit,
155 826 194 886 ut
209 827 454 898 contemnentes
464 820 645 886 Caesareum
659 821 864 906 Majestatem
880 820 1020 905 ejusqui
1036 823 1141 905 primo
1153 844 1267 906 pacem

94 926 188 993 uobis
212 947 272 1010 per
301 925 450 1009 publicas
472 933 506 991 ct
529 927 712 1010 publicatas
737 927 850 993 literas
875 927 1088 992 maudaverat
1112 927 1268 994 'dixerunt

93 1052 127 1097 se
159 1037 296 1116 propter
329 1030 516 1115 religionem
548 1054 614 1096 non
650 1040 800 1116 oportere
835 1033 1028 1116 Imperatori
1051 1031 1199 1112 obedire,
1218 1032 1268 1098 id

92 1137 179 1222 quod
190 1132 305 1203 contra
322 1136 352 1204 S.
362 1136 506 1216 Paulum,
535 1136 698 1216 „subditi¹
724 1144 831 1204 estote
853 1137 940 1202 omni
957 1143 1119 1204 creaturae
1142 1144 1176 1203 et
1197 1138 1269 1222 regi

91 1248 249 1326 tanquam
272 1241 498 1327 praecellenti.“
547 1241 822 1326 contempserunt
855 1249 889 1308 et
921 1242 1031 1308 sedem
1055 1243 1267 1326 apostolicam

91 1346 278 1432 pontificem
301 1341 335 1413 et
356 1347 538 1426 cardinales
562 1348 616 1431 qui
640 1348 817 1413 autoritate
833 1349 1021 1432 apostolica
1043 1347 1268 1415 inhibitionem

90 1453 138 1518 eis
160 1453 321 1518 miserunt
345 1460 379 1518 et
411 1451 560 1519 omnibus
589 1452 830 1518 adhaerentibus
857 1453 1055 1538 publicatam
1087 1455 1148 1520 sub
1167 1502 1169 1506 -
1181 1476 1267 1539 pena

91 1557 432 1626 excommunicationis
454 1557 529 1623 latae
553 1559 731 1624 sententiae.
777 1557 837 1624 (lui
861 1580 924 1624 non
939 1558 1140 1625 obedierunt
1163 1565 1196 1624 et
1219 1560 1267 1624 sic

91 1663 360 1731 excommunicati
384 1662 551 1729 celebrant
580 1662 689 1729 diiina
718 1669 962 1730 contemnentes
992 1662 1267 1747 irregularitatem

91 1776 125 1836 et
146 1769 266 1836 volunt
284 1791 344 1854 per
366 1768 426 1834 hoc
450 1767 631 1848 ostendere,
655 1781 753 1853 quam
769 1790 833 1835 non
851 1775 1031 1835 teneantur
1052 1769 1084 1834 in
1102 1769 1267 1854 hocpapae

90 1875 235 1943 obedire.
266 1873 385 1940 Adboc'
402 1874 583 1940 Astarota⁸
599 1875 653 1959 qui
677 1896 712 1940 su
729 1875 892 1961 appellat:
917 1897 975 1942 nos
990 1875 1103 1959 frater,
1125 1877 1159 1942 in
1182 1874 1266 1941 libro

90 1982 323 2047 invectivarum
365 1979 521 2045 adversus
567 1979 846 2065 archiepiscopum
886 1981 1090 2047 Nazarenum
1137 1982 1267 2066 allegat.

90 2087 211 2171 lsejam
241 2090 275 2150 et
302 2106 428 2151 sacram
459 2086 671 2168 scripturam:
706 2093 859 2171 ,propter
888 2085 989 2153 Sion³
1006 2107 1070 2152 non
1094 2087 1209 2152 tacebo
1235 2092 1269 2152 et

92 2199 228 2275 propter
262 2190 443 2256 Jerusalem
472 2212 534 2255 non
568 2193 761 2276 quiescam.“
823 2193 864 2256 Et
897 2198 947 2258 cst
982 2192 1112 2257 omnino
1151 2191 1266 2257 similis

93 2296 226 2374 haeresis
240 2295 352 2363 listris
365 2296 550 2380 Hieronymi
564 2295 790 2362 Savanarolae⁴
813 2297 869 2381 qui
889 2297 1061 2363 Florentiae
1077 2296 1265 2362 combustus

94 2409 152 2480 est,
177 2410 215 2468 ut
237 2401 356 2467 vidisse
371 2409 465 2487 potes
487 2403 520 2466 in
536 2402 727 2480 confessatis
745 2411 781 2481 et
800 2402 883 2468 actis
906 2403 982 2482 suis,
1006 2403 1058 2468 cui
1080 2401 1143 2467 luit
1166 2400 1266 2466 etiam

93 2507 152 2574 sub
176 2530 261 2594 pena
292 2506 629 2574 excommunicationis
662 2507 850 2588 inhibitum,
882 2528 922 2573 ne
956 2507 1042 2572 ultra
1064 2507 1266 2596 predicaret,

92 2598 144 2680 ille
169 2619 279 2679 autem
296 2613 608 2694 similiterdicebat,
631 2637 724 2698 papae
746 2615 780 2678 in
805 2635 842 2678 ec
866 2634 930 2678 nou
953 2634 1024 2678 esse
1041 2603 1266 2690 obediendum,

93 2727 124 2810 et
155 2719 320 2805 allegabat
344 2741 470 2786 sacram
495 2719 707 2804 scripturam:
731 2717 932 2804 praedicate⁵
955 2718 1154 2804 evangelium
1179 2719 1266 2785 omni

93 2831 269 2904 creaturae,
300 2847 371 2909 quae
396 2832 474 2891 tunc
497 2826 559 2892 fuit
584 2827 715 2892 haeresis
738 2824 913 2891 declarata.
1236 2828 1238 2834 ⁴

180 2930 226 2996 Ut
248 2931 346 3014 igitur
362 2931 395 2996 id
418 2931 505 3016 quod
522 2933 705 3016 superiores
729 2931 895 3016 negligunt
916 2931 1087 3014 corrigere,
1103 2930 1267 3013 corrigant

91 3036 269 3117 inferiores,
288 3037 367 3122 jam,
384 3037 524 3122 inquam,
542 3036 646 3102 denuo
670 3035 716 3117 fit,
748 3039 870 3102 utnon
895 3058 947 3102 me
969 3039 1094 3102 tautum
1119 3037 1201 3125 satis
1225 3036 1267 3101 sit

92 3150 207 3209 eontra
218 3141 300 3226 phas
314 3150 347 3207 et
365 3144 442 3228 jura
463 3165 523 3227 per
547 3165 640 3208 ornne
662 3165 763 3226 genus
787 3144 1004 3210 versutiarum
1022 3130 1164 3223 vexasse,
1189 3143 1266 3227 quin

92 3249 189 3314 etiam
220 3248 376 3332 incipiant
404 3249 489 3314 viros
516 3250 673 3314 maximos
705 3249 850 3315 lacerare
885 3256 919 3314 et
941 3250 1102 3314 lacessere
1128 3237 1265 3331 iujuriiS,

92 3344 378 3438 Archiepiscopum
402 3354 619 3435 Nazarenum,
644 3354 803 3420 Comitem
828 3354 868 3420 de
892 3335 1040 3433 Nuenar,
1072 3355 1264 3432 Huttenum,

90 3459 330 3544 Cuspinianum,
379 3461 605 3544 Peutingerum
630 3467 663 3526 et
686 3467 718 3525 te
742 3461 847 3544 ipsum
883 3482 955 3525 cum
989 3461 1061 3525 aliis
1085 3458 1264 3544 praeclaris-

91 3566 180 3631 simis
212 3565 297 3631 viris.
343 3565 391 3630 Tu
421 3566 520 3649 igitur
548 3588 606 3650 pro
637 3567 764 3650 integra
797 3558 882 3631 inter
906 3588 965 3631 nos
989 3565 1132 3630 amicitie
1154 3570 1267 3629 nostra

89 3678 188 3757 teque
204 3693 319 3756 meque
336 3670 454 3737 liberes
470 3677 527 3737 aut
541 3654 697 3755 implices,
709 3679 874 3756 utcunque
890 3669 1076 3752 bonumest.
1101 3669 1266 3736 Habemus

89 3777 156 3845 lere
173 3784 275 3843 totam
292 3779 435 3855 Romam,
458 3782 578 3861 praeter
592 3778 729 3861 pecunia
752 3777 880 3842 illorum
898 3783 1080 3860 corruptos,
1108 3775 1265 3844 babemus

89 3885 299 3951 doctissimos·
319 3884 693 3970 quosque-assistentes,
726 3890 759 3948 et
788 3904 959 3948 commuue
993 3882 1102 3947 odium
1133 3881 1267 3947 dimicat

89 3997 204 4058 coutra
229 4012 293 4057 eos.
332 3983 387 4054 ‘De
411 4001 446 4055 r'e
470 3979 543 4055 mea
567 3988 687 4074 quoin
711 3994 799 4055 statu
834 3989 877 4054 sit
913 4009 1025 4054 cernes
1055 3989 1087 4053 in
1112 3988 1194 4052 actis
1214 3985 1266 4072 ju-

666 4152 685 4200 ,
794 4159 797 4165 .

163 4257 312 4329 lsubdrti]
343 4273 351 4317 ι
381 4259 449 4312 l‘etr.
474 4254 498 4321 2,
528 4261 567 4311 13.
642 4257 853 4310 tliochstrsten
882 4274 902 4309 s.
928 4275 951 4310 o.
980 4255 1120 4308 Reuchlins
1138 4255 1216 4341 'brief
1232 4272 1265 4306 sn

88 4350 220 4414 Nucucsr,
238 4365 292 4403 nro.
313 4349 408 4401 CCLb
474 4346 836 4416 3PropterSiou1Jcsaius
860 4350 902 4411 62,
932 4352 953 4398 1.
1027 4346 1116 4413 ⁴tvgl.
1137 4345 1265 4397 chchlln

88 4455 109 4493 s.
131 4443 190 4492 rol.
265 4437 457 4506 bPraedicute]
478 4437 560 4487 Marc.
585 4440 624 4501 16,
649 4439 687 4487 15.
1005 4509 1068 4567 w
