2716 4898
648 309 714 374 325

84 501 216 588 phonte
240 500 440 567 amoenitatis
464 499 637 566 Socraticae
660 500 765 565 altero
788 497 925 578 lumine,
949 520 1008 583 pro
1031 501 1114 568 virili
1137 525 1211 573 msa
1234 510 1267 570 et

84 614 253 693 quantum
277 605 370 673 uobis
395 604 446 672 vel
469 627 529 690 per
550 606 664 683 ocium,
690 606 738 670 vel
764 610 860 670 astus
884 611 984 689 atquc
1005 605 1122 673 caloris
1145 607 1263 676 incom-

83 714 191 780 moda
214 712 317 792 licuit,
341 711 486 777 exhibeo.
526 712 621 777 Certe
639 710 726 776 solus
751 732 809 794 ego
826 709 927 789 effeci,
951 710 1011 776 hoc
1028 712 1182 797 quicquid
1207 723 1265 797 est,

84 826 208 905 utpote
233 820 287 904 qui
310 819 342 882 in
359 817 625 901 recognoscendo.
651 819 736 881 omni
761 817 862 882 ferme
880 816 1057 884 destitutus
1081 841 1152 885 snm
1175 823 1264 887 auxi-

86 925 145 1005 lio,
171 946 245 990 cum
269 944 362 989 nemo
380 931 474 1003 esset,
492 924 546 1007 qui
562 924 648 987 inter
665 921 834 1005 legendum
852 921 1055 988 auscultaret
1069 924 1156 1002 mihi,
1181 926 1263 993 adeo

84 1031 188 1097 floret
218 1030 323 1095 adhuc
355 1030 440 1094 iuter
471 1050 592 1112 paucos
621 1027 762 1093 studium
787 1027 902 1110 lingna
926 1049 1047 1110 graecae.
1074 1029 1181 1108 Quare
1205 1032 1265 1096 sic-

84 1136 146 1202 ubi
180 1135 401 1219 peccavimus,
435 1135 484 1199 vel
526 1135 706 1199 inversione
737 1133 858 1211 litera,
895 1133 942 1197 vel
974 1131 1039 1198 alia
1069 1137 1183 1220 quavis
1213 1159 1263 1204 ra-

89 1243 191 1321 tione,
215 1247 251 1306 tu
275 1240 362 1320 mihi,
386 1260 472 1324 rogo,
496 1238 553 1304 dos
578 1240 712 1305 veniam.
742 1239 825 1303 Nam
843 1238 1000 1323 ejusmodi
1015 1242 1181 1323 provincia
1205 1251 1263 1324 est,

92 1368 191 1434 quam
222 1352 274 1412 tot
297 1348 365 1430 jam
396 1346 487 1411 anuis
519 1345 606 1410 solus
637 1367 723 1429 gero,
760 1354 795 1410 ut
819 1345 887 1409 siue
911 1345 1035 1430 collega
1058 1345 1146 1413 haud
1168 1348 1264 1415 facile

91 1458 193 1538 queat
205 1450 435 1517 administrari.
483 1451 568 1516 Usus
586 1472 755 1516 sum-cura
775 1457 873 1534 atque
889 1451 1058 1534 diligentia
1073 1457 1263 1539 quampotui

91 1559 244 1624 maxima.
268 1557 380 1637 Vireo,
392 1557 419 1620 si
430 1578 527 1622 unum
538 1579 577 1622 ex
587 1557 637 1622 his
654 1554 907 1639 deprehenderis
922 1563 1001 1622 tute.
1024 1557 1266 1626 NicolausGer·

93 1664 207 1743 helius,
218 1664 313 1730 homo
324 1663 424 1729 comis
433 1663 656 1729 etstudiorum
667 1670 795 1727 tuorum
807 1661 987 1727 admirator
997 1684 1150 1746 summus,
1161 1667 1264 1732 multa

94 1777 126 1836 te
142 1768 249 1836 salute
265 1768 420 1853 impertit.
453 1767 534 1834 Nam
552 1768 637 1834 hunc
648 1766 762 1833 diebus
782 1766 869 1833 hisce
883 1768 1038 1852 proximis
1054 1770 1263 1854 Argentorati

95 1876 311 1942 convenimus.
335 1864 394 1940 Cui
405 1895 476 1940 cum
490 1874 603 1940 literas
614 1874 826 1940 ostendissem
838 1879 921 1955 tuas,
932 1873 1036 1941 exiliit
1047 1898 1114 1961 prae
1129 1877 1263 1961 gaudeo.

98 1982 176 2048 Vale
200 1979 412 2061 faelicissime,
437 1980 480 2045 mi
504 1980 660 2064 Capnion,
677 1980 775 2045 decus
798 2001 915 2045 meum.
939 1981 1031 2046 Auno
1059 1987 1152 2049 1520.

183 2090 601 2164 Gedruchtz=Xeuophoutis
611 2090 754 2165 apologia,
771 2089 923 2163 Agesilaus
935 2098 963 2150 et
974 2090 1074 2152 Hiero.
1091 2093 1138 2154 cd.
1151 2093 1263 2156 Reuch-

96 2199 143 2258 lin.
191 2197 481 2272 Hagesan1520,a
501 2200 514 2253 1
535 2196 578 2254 bis
594 2198 622 2254 3.

513 2369 518 2375 ’
599 2379 762 2447 OOXOIV.

162 2472 318 2539 regnintum.
1037 2473 1123 2524 amn
1148 2476 1224 2524 1520.

313 2554 480 2628 Joannes
509 2551 693 2626 Reuchlin
721 2576 770 2623 an
798 2550 1050 2627 Pirchheimer

95 2698 313 2784 entschuldigt
336 2700 415 2781 sich,
432 2701 506 2765 dass
522 2720 558 2764 er
580 2721 616 2764 so
639 2698 733 2781 lange
749 2701 899 2782 gerigerl
914 2698 1007 2779 habe,
1024 2699 1082 2765 das
1098 2698 1263 2783 geliehsue

92 2806 415 2873 zuriickzuerstatten
431 2805 497 2872 und
513 2805 611 2871 bittet
627 2825 681 2869 um
704 2804 763 2870 das
783 2804 985 2870 wirterbuch
1010 2804 1066 2871 des
1083 2805 1262 2891 Hesychius

93 2913 158 2978 und
194 2912 247 2977 die
278 2912 473 2996 grammatik
509 2911 567 2976 des
598 2897 689 2975 illius
721 2910 883 2975 Hadrian.⁴
923 2911 967 2975 Er
996 2910 1079 2978 habe
1114 2933 1263 2997 mergens

92 3018 174 3085 iiber
189 3018 334 3084 Kimchis
348 3016 539 3085 hebriiische
556 3015 761 3101 grammatik,
778 3015 904 3081 abeuds
928 3016 1009 3083 iiber
1026 3017 1261 3104 Aristophanes

91 3125 205 3190 Plutus
229 3146 286 3190 vor
300 3123 392 3189 mehr
406 3124 455 3189 als
471 3121 683 3188 dreihuudert
699 3121 827 3187 schiiler
848 3130 1069 3207 vorzntragen.
1098 3126 1146 3189 De
1162 3124 1262 3190 Fran-

91 3231 179 3313 cisco
193 3229 392 3313 (Siclriugen)
416 3250 501 3309 meo,
532 3229 628 3294 immo
652 3228 792 3293 omniurn
825 3227 1039 3307 literatorum,
1065 3235 1140 3314 post
1163 3230 1205 3295 ad
1230 3237 1262 3296 te

91 3335 241 3415 scribam,
270 3335 399 3420 quando
427 3334 605 3420 capitulum
628 3335 767 3399 fratrum
793 3334 1037 3399 lloruinicalium
1068 3333 1155 3418 quod
1178 3355 1262 3400 nuuc

90 3440 330 3507 Francoiordiae
353 3440 503 3521 habetur,
520 3439 646 3521 effluet3
668 3439 832 3523 pollicitus
856 3439 883 3503 is
906 3439 986 3502 mihi
1010 3445 1060 3504 est
1075 3460 1188 3522 pacem
1211 3461 1264 3505 ve·

92 3569 162 3613 ram
183 3549 204 3608 ¹.
231 3546 408 3631 huglopoli‚
433 3549 526 3613 nouis
548 3547 634 3632 maji,
659 3566 742 3609 anno
770 3549 863 3609 1520.

180 3656 341 3716 Gedruckt:
361 3677 404 3710 =
419 3655 551 3732 Goldast,
574 3656 772 3715 Pirckheimer
795 3671 862 3727 opp.
888 3671 910 3712 s.
938 3660 1010 3716 261.

602 3839 750 3910 CCXOV2

160 3930 317 3996 ingolstadt.
1021 3933 1049 3978 11
1072 3929 1126 3980 Mai
1149 3930 1224 3979 1510.

225 4020 392 4094 Joannes
421 4019 605 4094 Reuchlin
634 4047 682 4093 an
710 4019 830 4094 Jacob
860 4018 1123 4116 Questenberg.

181 4167 270 4232 Jetzt
289 4166 394 4232 lriiune
413 4167 635 4252 Questeuberg
657 4168 739 4234 nach
758 4168 827 4233 drei
846 4166 963 4252 jahren
982 4166 1049 4230 ihm
1067 4164 1195 4231 erdlich
1212 4165 1264 4230 ein

164 4349 175 4392 1
199 4344 258 4411 Vgl.
272 4345 383 4395 dariibor
396 4344 526 4396 Reuchlin
539 4363 559 4398 s.
574 4352 625 4399 447
639 4351 665 4402 ff.
678 4287 732 4408 hod
746 4348 788 4405 die
802 4345 1071 4413 zusammenstelloug
1080 4341 1123 4396 hei
1134 4343 1264 4415 Bliclriug‚

88 4434 176 4512 suppl.
198 4434 250 4484 vol.
270 4435 306 4499 11,
324 4452 345 4486 s.
370 4437 416 4485 151
437 4437 472 4514 lg.
