2716 4898
616 295 680 362 193

57 506 157 570 quam
180 485 241 551 tibi
262 485 355 552 mitto
371 486 586 570 conjunctam.
632 486 826 571 Quanquam
840 486 959 569 nescio,
982 489 1061 575 quid
1083 489 1227 573 portenti

56 591 205 675 quotidie
228 591 402 671 minentur,
425 596 463 657 ut
486 597 560 658 suut
584 591 837 676 supramodum
860 599 895 659 et
916 592 1110 660 modestiam
1133 597 1228 662 nimis

55 697 236 762 temerarii.
283 696 347 763 Sed
370 697 568 782 sperandum
593 704 642 763 est
665 697 744 762 vivis
762 698 860 782 juxta
880 696 1096 766 Theocritum.
1141 702 1225 767 Nam

57 803 165 869 virtus
199 803 299 869 etiam
333 824 408 869 cum
439 804 597 888 naufrago
631 810 761 884 enatat,
803 804 891 889 quod
924 804 958 868 in
993 804 1110 890 Ulysse
1141 807 1229 890 apud

56 908 214 975 Phaeacas
238 908 383 974 vidimus.
429 909 610 975 Jactabunt
632 930 667 975 se
689 909 827 977 forsitan
842 909 893 976 vel
909 911 1026 991 Romae,
1049 911 1099 977 vel
1116 933 1226 977 coram

58 1014 171 1099 aliquo
194 1015 427 1100 incompetenti
449 1015 560 1100 judice
583 1037 642 1099 per
665 1014 899 1082 abundantiam
919 1016 1131 1101 pecuniarum
1156 1039 1228 1083 sua·

55 1143 131 1186 rum
161 1120 278 1187 saltem
309 1142 350 1186 ex
379 1120 536 1189 matronis
564 1129 597 1186 et
626 1121 733 1191 viduis
760 1142 980 1203 corrosanum,
1009 1123 1227 1188 semivacuum

56 1227 261 1311 marsupium
289 1248 397 1293 meum
424 1247 580 1313 superare
612 1248 717 1310 posse.
764 1227 829 1295 Sed
858 1249 956 1311 quom
980 1226 1099 1293 famam
1122 1249 1229 1293 meam

56 1332 205 1413 intueor,
235 1332 323 1420 quod
350 1333 506 1417 optimum
529 1332 736 1400 inhumanis
760 1340 828 1414 eat,
852 1340 921 1399 tum
946 1335 1091 1418 quamvis
1114 1356 1229 1400 revera

57 1439 168 1506 tenuis
192 1460 250 1522 ego
274 1439 348 1505 vitae
369 1439 467 1507 homo
490 1446 523 1505 et
546 1460 631 1506 nunc
653 1439 724 1507 sola
746 1439 947 1524 agricultura
969 1440 1091 1506 victum
1114 1440 1230 1524 quaeri-

56 1551 134 1611 taus
165 1544 263 1611 nullia
294 1545 465 1631 stipendiis
495 1546 678 1630 principum
705 1552 763 1611 aut
794 1545 963 1611 civitatum
986 1545 1129 1612 donatus
1153 1546 1228 1625 sim3

58 1658 173 1716 tamen
195 1650 439 1719 acerbissimam
462 1657 641 1736 egestatem
669 1650 882 1733 anteferam,
909 1672 1007 1737 quam
1031 1651 1151 1715 famam
1175 1671 1231 1715 ne-

57 1757 189 1841 gligam.
233 1757 285 1822 Ad
315 1756 404 1843 quod
431 1778 483 1824 me
517 1757 669 1823 hortatur
702 1754 937 1822 Demosthenes
966 1755 1229 1840 Olynthiacorum

57 1840 159 1929 tertio
190 1863 246 1948 qui
275 1863 339 1928 ait:
385 1864 452 1929 οὔτι
485 1864 642 1954 σωφρόνων
682 1853 752 1928 οὐδὲ
786 1864 929 1955 γενναίων
960 1865 1039 1928 ἐστὶν
1069 1861 1231 1952 ἀνθρώπων

57 1968 252 2044 ἐλλείποντάς
273 1994 305 2034 τι
328 1960 364 2034 δι’
389 1961 504 2035 ἔνδειαν
527 1968 689 2058 χρημάτων
712 1979 774 2033 τῶν
796 1976 854 2033 'rod
874 1969 1008 2058 πολέμου
1040 1972 1166 2058 εὐχερῶς
1188 1970 1230 2033 τὰ

56 2085 188 2139 τοιαῦτα
212 2065 311 2148 ὀνείδη
335 2074 431 2165 φέρειν
450 2076 461 2113 ¹
484 2075 519 2140 id
542 2080 607 2140 est:
631 2073 704 2139 Non
725 2074 840 2159 utique
862 2073 1100 2154 modestorum,
1126 2095 1231 2158 neque

61 2201 293 2264 generosorum
316 2187 368 2246 est
390 2180 567 2260 homiuum,
600 2178 787 2245 deficientes
818 2179 985 2265 quippiam
1008 2186 1142 2264 propter
1164 2181 1234 2246 ino·

62 2287 152 2370 piam
174 2286 386 2370 pecuniarum
408 2285 494 2365 belli,
517 2285 612 2351 facile
636 2285 718 2353 talia
740 2284 899 2371 opprobia
922 2284 1002 2369 pati.

153 2392 238 2459 Sane
267 2393 370 2458 multo
397 2392 536 2457 maxime
560 2388 719 2459 Friderici
738 2388 840 2459 rerba
862 2411 914 2455 me
937 2388 1140 2469 confortant,
1171 2410 1228 2473 op-

62 2497 135 2564 timi
158 2499 326 2582 Principis,
350 2517 423 2583 quaa
446 2503 522 2564 suut
545 2496 669 2563 oraculi
696 2514 796 2585 penes
819 2515 870 2560 me
893 2494 978 2560 loco:
1007 2495 1094 2574 ,Wir
1117 2493 1231 2559 wellen

62 2604 99 2669 Iu
122 2605 173 2669 nit
195 2603 305 2670 lassen
327 2603 507 2684 hinziehn“,
532 2604 623 2688 cujus
646 2609 683 2668 tu
697 2600 946 2685 Hierophantes.
993 2599 1057 2666 Sed
1079 2620 1229 2683 magnam

64 2709 104 2777 de
126 2731 180 2776 me
205 2731 239 2776 es
261 2710 397 2777 meritus
413 2711 562 2794 gratiam,
585 2709 681 2774 immo
705 2709 884 2792 ingentem,
908 2726 1006 2790 quam
1028 2705 1089 2770 tibi
1105 2705 1228 2770 referre

62 2817 204 2901 quidem,
236 2818 305 2883 Deo
336 2817 550 2896 concedente,
580 2835 727 2899 possum;
759 2820 795 2880 at
825 2811 966 2897 Principi
995 2833 1060 2878 non
1089 2832 1232 2895 possum,

65 2928 155 2989 certe
179 2922 221 2988 ob
237 2921 491 3006 magnitudinem
515 2920 757 2987 clementissimi
772 2919 871 2984 animi
891 2939 968 3002 erga
983 2939 1034 2983 me
1051 2917 1111 2998 sui,
1135 2938 1233 3001 quem

64 3050 123 3113 per
152 3027 358 3112 epistolam²
385 3025 541 3092 ineffabili
564 3047 624 3092 sua
653 3025 800 3091 bonitate
829 3025 969 3108 ipsemet
997 3024 1143 3089 mihimet
1171 3023 1235 3108 ipsi

64 3132 218 3214 ostendit,
242 3139 276 3199 et
298 3131 486 3218 Spalatinus
508 3132 551 3199 ab
575 3153 632 3198 ore
654 3130 838 3197 Beruhardi
867 3129 909 3196 de
931 3129 1087 3211 Hirsfeld,
1115 3131 1238 3214 princi·

62 3240 150 3325 palis
179 3238 369 3307 cubicularii
396 3253 526 3324 quoque
556 3238 722 3322 promisit,
754 3242 855 3321 tuque
881 3235 1100 3320 jampridem
1123 3234 1233 3300 diviua

64 3366 225 3430 responsa
257 3344 354 3429 plane
387 3342 567 3411 confirmas.
619 3343 669 3408 Ne
702 3342 802 3425 igitur
836 3341 964 3406 interea
994 3361 1058 3405 non
1092 3358 1232 3421 agerem,

63 3449 155 3538 quod
184 3449 270 3518 foret
298 3450 333 3515 in
354 3450 533 3534 principem
557 3448 765 3533 gratitudinis
796 3445 960 3524 iudicium,
992 3444 1147 3510 constitui
1169 3465 1236 3508 me-

61 3578 138 3625 cum
161 3556 214 3623 vel
236 3555 474 3642 aliquantulum
497 3555 640 3621 muueris
664 3554 693 3619 ei
716 3553 780 3619 etsi
799 3551 968 3616 minimum
998 3554 1235 3634 repraesentare

63 3663 171 3748 magis
193 3683 293 3748 quam
315 3661 445 3728 omniuo
468 3660 548 3726 nihil
571 3658 699 3725 offerre.

155 3769 195 3834 In
217 3775 285 3834 tam
307 3768 406 3853 igitur
429 3766 520 3833 brevi
549 3766 705 3850 temporis
739 3768 913 3842 momentu,
942 3767 1036 3828 tanta
1065 3761 1143 3827 licet
1165 3782 1240 3826 con·

63 3882 213 3944 structus
235 3873 386 3940 molestia
408 3879 442 3939 et
464 3879 532 3938 tam
554 3871 753 3956 importabili
777 3890 911 3954 pressus
938 3890 1026 3949 cura,
1056 3874 1167 3933 tamen
1197 3866 1241 3932 ad

62 3983 199 4050 laudem
227 3980 339 4066 inclyti
369 3979 460 4045 ducis
488 3977 646 4044 Friderici
678 3977 883 4060 notionisque
910 3981 992 4054 tuae,
1010 3975 1123 4039 uitam
1157 3971 1241 4038 (lou-

64 4088 203 4157 stautini
227 4088 349 4171 Magni,
379 4086 538 4171 majorum
569 4105 701 4150 suorum
734 4081 907 4167 propinqui
938 4101 1082 4164 egraeco
1105 4079 1139 4144 in
1167 4077 1241 4144 lati-

639 4231 658 4269 s·

141 4329 152 4378 1
175 4322 217 4378 01.
238 4327 262 4388 3,
283 4323 325 4376 20.
398 4325 412 4373 2
434 4320 483 4373 Die
502 4319 585 4373 briefe
605 4319 651 4370 des
669 4320 782 4387 herzogs
800 4315 937 4369 Friedrich
956 4315 1009 4366 und
1029 4315 1162 4382 Spalatins
1182 4312 1242 4368 sind

64 4416 150 4467 leider
167 4414 245 4466 nicht
257 4413 383 4465 erhelten.
413 4412 472 4478 Vgl.
491 4411 559 4461 auch
578 4417 659 4461 unten
678 4411 708 4459 31
725 4411 792 4474 Aug.
810 4409 886 4469 1513,
905 4420 960 4455 nro.
975 4403 1079 4454 CLXX.

92 4527 244 4571 neuouun
1004 4496 1038 4555 ta
