2716 4898
712 288 780 354 360

154 479 324 545 rationem.
368 478 453 544 Nam
481 479 554 563 quis
576 486 627 545 est
650 480 707 564 qui
737 500 801 544 non
824 479 988 563 exprimat
1009 500 1051 543 ex
1074 475 1262 543 habitudine
1284 484 1313 542 et

154 583 366 669 dispositione
387 585 598 650 intentionem
620 606 767 669 persona
788 584 971 663 scribentis,
994 603 1143 668 pemoua
1170 581 1314 667 adquam

154 689 328 770 scribitur,
356 691 469 774 reique
498 690 696 770 scribendae,
719 700 789 757 tum
815 689 1010 777 principium
1039 689 1226 767 literarum,
1254 695 1315 753 tum

154 797 253 862 etiam
269 797 503 880 expositionem
519 797 587 862 sire
604 797 825 863 narrationem
838 796 1010 882 presentis
1025 794 1183 860 materia.
1208 794 1313 859 l‘cstea

154 923 231 968 vero
260 924 356 987 quam
385 902 546 968 festiviter
572 905 582 941 ¹
605 901 865 969 irrcboarerimns
888 907 922 967 et
943 899 1052 967 lucide
1074 900 1314 978 narraverimus,

154 1028 236 1092 opus
268 1014 319 1073 est
357 1015 395 1072 nt
423 1006 504 1072 tides
532 1008 579 1073 rei
614 1006 681 1072 liat
736 1008 816 1072 llam
854 1029 1004 1092 possums
1040 1006 1129 1087 loco,
1166 1013 1312 1091 tempore,

154 1112 264 1192 modo,
292 1133 433 1196 persona
456 1113 469 1150 ²
491 1113 632 1192 ratium,
655 1112 794 1199 deniqne
817 1113 889 1197 ipsa
911 1135 948 1180 re
970 1120 1070 1198 atque
1093 1113 1225 1197 negotio
1247 1131 1311 1176 uon

154 1218 256 1302 sequi.
306 1217 408 1283 Simul
442 1219 607 1301 ingeniosa
642 1225 826 1286 commenta
856 1219 871 1260 ⁸
904 1228 939 1285 et
972 1220 1141 1286 evidentes
1180 1216 1312 1302 proposi

154 1324 260 1389 tiones
290 1346 332 1388 ex
362 1323 411 1388 his
441 1345 514 1410 quae
543 1347 612 1391 rem
646 1325 838 1409 precedunt
872 1346 943 1411 que
972 1326 1083 1392 insunt
1110 1324 1159 1390 rei
1189 1342 1310 1409 queque

97 1433 101 1439 ’
154 1437 397 1515 consequuntur
419 1429 649 1514 investigando.
697 1431 749 1496 Sic
773 1432 844 1515 ejus
866 1431 1082 1498 inventionem
1109 1428 1309 1514 principioin

154 1542 265 1619 partes
287 1534 433 1619 epistolae
456 1535 645 1620 disponere:
669 1536 848 1616 exordium,
872 1536 1093 1603 narrationem
1114 1543 1149 1601 ct
1172 1533 1265 1600 fidem
1284 1540 1309 1599 et

153 1639 348 1725 subjungere
371 1640 478 1710 durno
501 1640 726 1707 brevissimum
750 1642 912 1726 epilogum
932 1644 952 1708 i.
969 1664 996 1708 e.
1018 1642 1217 1709 succinctam
1239 1661 1308 1706 com

153 1746 345 1830 plexiouem.
387 1746 465 1824 Qua
489 1753 526 1811 nt
548 1746 664 1812 melius
687 1749 880 1830 agnoscatis,
903 1747 1022 1813 addam
1047 1749 1117 1831 ejus
1141 1747 1306 1830 artisque

154 1874 217 1938 que
240 1850 362 1918 idolum
385 1852 405 1916 i.
430 1874 456 1917 e.
481 1851 581 1918 latine
605 1861 769 1937 spectrum
792 1860 827 1919 et
850 1853 1025 1939 exemplar.

332 2013 410 2066 estve
427 2022 454 2066 et
470 2013 564 2066 dendo
581 2016 641 2067 vale
657 2032 706 2067 nec
724 2033 777 2067 non
796 2016 904 2084 ignosce
921 2016 1056 2080 scribenti,

365 2102 425 2152 Mos
443 2101 553 2154 rudibus
571 2104 647 2155 rudis
665 2112 704 2156 ent
723 2104 836 2156 scribere
852 2105 958 2172 scripta,
977 2105 1044 2156 vale.

243 2248 372 2317 Daraut
392 2247 474 2333 lolgt
497 2246 550 2314 die
573 2248 668 2315 tatel:
698 2251 741 2315 A:
765 2272 905 2336 persona
928 2250 1083 2331 scribens,
1107 2251 1148 2316 B:
1172 2251 1224 2317 eni
1246 2248 1310 2316 seri·

152 2354 250 2436 bitur,
273 2355 314 2421 C:
338 2377 390 2422 res
413 2355 494 2440 ipsa,
517 2355 578 2420 mit
599 2354 718 2422 kurzer
741 2356 944 2442 darstellnng
966 2357 1098 2437 dessen,
1121 2377 1188 2423 was
1210 2357 1243 2421 iu
1263 2353 1311 2419 der

152 2460 328 2546 ciulcitnug
357 2459 597 2527 anstlibrlicher
627 2468 739 2546 gesagt
768 2462 820 2527 ist.
868 2463 960 2528 Danu
992 2461 1072 2527 uird
1106 2461 1158 2529 als
1187 2457 1311 2545 beispiel

152 2565 286 2633 benntzt
305 2565 340 2644 Q.
363 2566 514 2632 Aurelius
530 2565 708 2652 Symauhns
730 2567 836 2634 Menio
860 2590 885 2634 s.
906 2567 970 2635 ant.
1000 2567 1140 2634 Tantum
1164 2566 1227 2632 tibi
1249 2585 1312 2649 sup

152 2672 236 2758 petit
264 2672 321 2754 (10
352 2671 469 2756 neilen)
501 2673 566 2738 und
598 2673 699 2739 daran
730 2673 870 2759 gezeigt:
900 2673 1085 2758 negocium3
1118 2671 1312 2757 Kephalecn3

152 2775 311 2844 habitudo
334 2799 561 2864 personarum3
584 2778 736 2861 intentio,
764 2777 947 2860 exordium,
975 2778 1138 2859 narratio,
1160 2776 1244 2844 fides
1264 2775 1312 2842 rei

241 2884 321 2950 an
344 2883 470 2951 schluss
494 2885 596 2951 heisst
619 2907 669 2952 es:

242 2989 396 3055 Ordinem
416 2998 543 3057 rectum
564 2992 738 3077 sequimur,
761 2991 789 3057 si
813 2990 922 3057 omnia
946 3012 986 3056 ex
1010 2989 1218 3057 institutione
1243 2986 1314 3054 artis

152 3094 369 3182 disponemus.
415 3096 475 3162 Est
504 3103 614 3163 autem
643 3097 710 3164 alia
742 3097 911 3184 dispositio
939 3118 1012 3182 quae
1039 3118 1112 3163 eum
1139 3096 1183 3162 ab
1212 3094 1314 3163 ordine

152 3200 292 3269 officioso
313 3201 529 3268 secedendum
552 3210 603 3270 est
626 3203 796 3290 scriptoris
814 3201 939 3288 judicio
961 3201 1004 3267 ad
1025 3210 1155 3287 tempus
1178 3219 1313 3268 aecum

152 3306 259 3388 datur,
282 3313 327 3389 ut,
354 3309 382 3373 si
404 3306 448 3374 ab
471 3311 658 3375 narratione
682 3310 824 3376 scribere
847 3309 1041 3394 incipiamus
1064 3314 1125 3375 aut
1147 3307 1191 3374 ab
1214 3307 1314 3392 aliqua

151 3401 335 3480 firmissima
356 3416 635 3500 argumentatione
654 3422 714 3481 ant
729 3415 898 3481 literarum
918 3414 1101 3501 aliquarum
1118 3414 1313 3489 recitatione,

150 3525 210 3586 aut
240 3519 268 3586 si
296 3521 474 3587 seeundum
503 3521 694 3606 principium
718 3519 782 3587 tide
806 3525 949 3600 utamur,
979 3519 1096 3586 deiude
1125 3519 1313 3594 narratione,

151 3633 210 3690 ant
229 3625 374 3712 siquam
394 3625 553 3711 ejusmodi
572 3627 845 3711 permutationem
867 3626 991 3693 ordinis
1006 3625 1164 3692 laniamus
1184 3641 1313 3711 qnorum

151 3730 231 3798 nihil
260 3733 322 3800 nisi
352 3754 452 3799 causa
480 3732 625 3817 postulet
646 3731 716 3799 fieri
741 3730 914 3817 oportebit.
960 3732 997 3798 In
1021 3728 1265 3798 confirmatione
1285 3732 1313 3792 et

151 3837 371 3906 confutatione
393 3839 707 3923 argumentationem
729 3838 941 3923 dispositione
965 3836 1151 3923 hujusmodi
1174 3832 1312 3902 convenit

150 3941 273 4010 habere
306 3944 508 4011 firmissimas
542 3945 840 4030 argumentationes
873 3944 906 4010 in
937 3943 1051 4028 primis
1082 3948 1116 4008 et
1146 3938 1310 4028 postremis

151 4068 258 4117 causae
285 4050 436 4137 partibus
464 4050 639 4133 collocare,
667 4050 848 4118 medioeres
876 4056 910 4117 et
932 4070 1038 4135 neque
1060 4047 1195 4116 inutiles
1216 4062 1310 4131 neque

728 4210 746 4251 2

147 4317 472 4456 mthsrdbergeschr.
496 4316 619 4372 lroefflich.
692 4319 776 4370 ttm
793 4315 859 4370 rand
883 4315 985 4370 salisb.
1059 4310 1305 4384 emmenrode·

169 4403 177 4417 '
212 4408 286 4476 tang.
