2716 4898
650 275 713 343 105

89 463 152 530 hoc
183 463 275 531 laudi
304 465 363 533 dat
388 465 421 531 in
445 464 548 532 Paula
578 463 634 531 illa
657 463 779 534 Urbica
805 469 813 506 ¹
839 467 926 552 quod
955 487 989 535 se
1018 466 1151 534 doctore
1174 466 1263 535 Psal-

90 570 212 637 terium
228 572 390 640 Hebraico
414 572 521 656 legere
538 571 698 639 didicerit.
736 572 819 639 Huic
843 573 952 657 itaque
976 578 1044 639 tarn
1066 574 1128 659 piae
1152 596 1263 641 eorum

90 677 244 762 petitioni
259 678 478 763 acquiescens,
500 676 543 742 ad
562 685 609 758 te,
632 679 682 744 vir
697 677 937 759 humanissime,
960 678 992 744 in
1016 680 1264 763 praesentiarum

92 782 225 866 scripsi,
258 803 392 868 rogans,
420 789 458 848 ut
471 803 540 867 ⁴pro
563 788 620 848 tua
643 784 790 849 bonitate
814 783 931 849 bacin
955 790 1049 868 parte
1074 805 1129 850 eos
1148 786 1263 869 juvare

91 887 190 968 velis,
214 894 312 974 teque
335 888 531 973 morigerum
553 894 704 972 praestes,
729 894 765 955 ut
788 889 816 954 si
840 911 1026 975 quenquam
1048 890 1176 956 noveris
1200 891 1264 957 He·

92 994 284 1074 braeorum,
314 993 404 1060 fonte
434 993 642 1076 baptismatis
669 1001 833 1074 renatum,
867 995 924 1080 qui
953 995 1036 1062 hanc
1064 995 1264 1080 provinciam

93 1098 237 1177 subiret,
273 1120 324 1164 me
357 1120 417 1184 per
439 1099 567 1165 litteras
590 1099 759 1164 certiorem
784 1101 920 1183 reddas3
949 1102 1027 1187 quid
1049 1102 1182 1186 insuper
1203 1122 1264 1187 pro

93 1205 209 1272 labore
240 1226 347 1272 annuo
379 1206 409 1270 ei
437 1204 619 1270 faciendum
644 1204 741 1285 foret,
769 1205 888 1271 litteris
918 1205 1106 1290 significato.
1144 1207 1214 1273 Hoc
1237 1207 1265 1273 si

93 1311 213 1378 feceris
237 1309 309 1395 (sed
331 1311 432 1376 facies
456 1309 556 1376 dubio
578 1308 705 1396 procul)
729 1318 905 1395 perpetuos
929 1312 988 1379 tibi
1013 1318 1047 1378 et
1069 1334 1120 1378 me
1145 1318 1178 1378 et
1201 1312 1266 1378 fra·

93 1422 163 1482 tres
195 1437 286 1482 meos
320 1415 486 1482 debitores
515 1417 702 1484 constitues.
750 1416 828 1482 Vale
858 1416 945 1482 felix.
991 1419 1040 1482 Ex
1063 1419 1264 1502 Ottinpurra.

95 1528 115 1588 8
139 1521 187 1587 ld.
219 1523 289 1588 Oct..
316 1527 409 1587 1508.

184 1634 259 1690 Aus:
292 1630 348 1691 JO.
380 1630 541 1691 GEORGII
570 1631 836 1692 SOHELHORNII
856 1625 862 1714 Ι
885 1677 911 1691 ..
933 1633 938 1709 Ι
959 1629 1262 1718 AMOENITATESl

94 1737 294 1797 HISTORIAE
319 1735 325 1815 Ι
352 1735 669 1797 ECOLESIASTIOAE
694 1742 699 1814 Ι
722 1737 779 1800 ,ΕΤ
806 1735 810 1811 l
835 1737 1062 1798 LlTERARlAE
1087 1731 1092 1820 Ι
1114 1782 1228 1798 ......
1259 1733 1263 1822 l

94 1842 228 1904 TOMVS
253 1840 464 1920 SECVNDVS.
495 1838 500 1917 Ι
525 1837 581 1923 ..l
608 1840 886 1937 FRANCOFURTI
911 1842 936 1903 dc
962 1843 1102 1904 LIPSIAE
1122 1839 1127 1927 l
1151 1837 1262 1926 1738]

93 1965 117 2008 s.
136 1949 200 2009 593
219 1963 261 2022 sq.

646 2107 713 2174 011.

167 2210 228 2261 mm
1018 2221 1047 2264 ιι
1069 2215 1132 2266 ort.
1156 2217 1231 2266 moe.

136 2315 335 2391 Leonardo
354 2312 496 2439 Abbati
515 2315 725 2391 Ottenburr.
747 2317 807 2392 lc.
828 2318 1008 2394 Reuchlin
1027 2320 1159 2394 Phoro.
1182 2319 1218 2395 S.

184 2482 236 2547 Ita
258 2501 310 2545 me
334 2481 422 2545 Deus
446 2486 548 2560 amet,
571 2486 610 2546 ut
639 2485 728 2546 tuam
752 2481 854 2546 vicem
879 2482 1021 2566 gaudeo,
1053 2482 1147 2548 Abba
1170 2489 1266 2566 pater

95 2590 232 2667 audiens
263 2585 384 2670 duplici
407 2592 440 2651 te
462 2585 583 2651 honore
606 2586 755 2670 dignum,
785 2587 872 2672 quod
900 2591 934 2652 et
963 2587 1072 2652 domui
1095 2593 1160 2652 tuae
1183 2587 1265 2652 bene

94 2716 213 2780 praees
244 2692 331 2758 fama
360 2697 444 2756 teste
477 2697 511 2756 et
538 2691 634 2757 simul
663 2712 773 2758 amore
806 2692 947 2777 quodam
978 2692 1097 2758 illustri
1128 2692 1265 2758 afficeris

94 2821 185 2885 erga.
203 2800 330 2864 litteras
360 2796 545 2881 politiores,
579 2798 666 2892 qnod
695 2819 794 2863 unum
825 2819 903 2864 rara
926 2803 976 2864 est
1003 2799 1071 2864 avis
1102 2799 1265 2864 interris.

95 2905 160 2972 Sed
185 2911 220 2971 et
235 2903 350 2969 miram
373 2908 488 2968 nactus
512 2924 546 2968 es
562 2905 635 2967 vitae
652 2910 787 2983 sortem,
811 2910 848 2969 ut
870 2924 942 2968 cunr
966 2904 1069 2970 multa
1084 2911 1169 2985 sunt,
1193 2926 1265 2988 quae

82 3017 217 3096 praeter
240 3015 373 3094 propter
395 3008 596 3092 disciplinam
612 3009 776 3088 discimus,
798 3009 845 3075 nil
868 3011 1009 3076 omniurn
1033 3011 1165 3094 majoris
1189 3032 1266 3093 pen-

95 3116 154 3183 das
179 3136 277 3200 quam
307 3114 397 3178 illam
421 3116 589 3199 antiquam
620 3136 735 3199 puram
766 3123 799 3180 et
828 3116 1035 3199 originariam
1059 3116 1266 3200 Theologiam

95 3243 168 3308 quac
193 3221 255 3287 fuit
278 3220 513 3304 Prophetarum
537 3226 637 3305 atque
662 3220 856 3286 Videntium.
904 3221 996 3287 Unde
1019 3221 1099 3286 mihi
1122 3228 1177 3287 tuo
1201 3243 1265 3286 me-

94 3329 158 3394 rito
183 3325 359 3410 perbeatus
392 3324 510 3390 videris
533 3325 604 3391 sola
618 3332 685 3391 tua
715 3327 895 3410 cupiditate
919 3348 1016 3412 quarn
1038 3328 1071 3392 in
1095 3327 1265 3392 Hebraicis

95 3430 275 3514 concepisti
302 3452 413 3496 amore
444 3430 498 3497 SS.
528 3430 788 3517 scripturarum.⁴
832 3432 915 3497 Nam
946 3430 1008 3497 hoc
1038 3431 1100 3497 tibi
1131 3430 1265 3510 affirmo,

94 3538 256 3603 neminem
279 3536 470 3601 Latinorum
495 3537 595 3602 Vetus
617 3537 861 3602 Testamentum
893 3536 1038 3620 potuisse
1060 3535 1105 3601 ad
1127 3556 1266 3620 anguem

96 3643 288 3727 exprimere,
312 3641 374 3707 nisi
398 3643 467 3727 ejus
483 3642 599 3726 linguae
621 3643 655 3707 in
671 3665 736 3728 qua
759 3643 916 3727 scriptum
931 3641 1031 3708 fuerit
1054 3642 1158 3727 primo
1181 3644 1266 3727 peri-

95 3754 148 3814 tus
172 3748 225 3813 sit.
264 3747 335 3814 Vox
355 3748 439 3812 enim
460 3747 523 3814 fuit
544 3747 718 3814 mediatrix
733 3749 794 3814 Dei
817 3754 851 3813 et
873 3748 1047 3829 hominum,
1070 3750 1163 3815 utin
1186 3750 1267 3816 Pen-

95 3852 251 3919 tateucho
275 3851 420 3936 legimus,
449 3859 486 3918 at
508 3853 750 3943 nonquaelibet
773 3876 843 3933 vox,
867 3854 925 3920 sed
947 3861 1076 3922 tantum
1092 3856 1264 3934 Hebraica,

94 3979 153 4043 per
178 3978 277 4043 quam
293 3960 381 4024 Deus
405 3957 506 4024 voluit
521 3980 643 4026 arcana
665 3982 725 4027 sua
748 3961 942 4028 mortalibus
964 3962 1177 4029 innotescere.
1217 3963 1265 4026 Ea

95 4064 198 4145 enim,
223 4086 295 4149 qnae
317 4064 454 4131 rudibus
476 4064 578 4132 oculis
608 4067 798 4151 aspicimus,
821 4066 916 4151 vulgo
950 4067 1064 4152 digna,
1087 4087 1158 4149 quae
1188 4086 1264 4132 vero

665 4209 685 4246 ⁴ll·

169 4296 180 4343 1
203 4288 298 4342 Findet
317 4291 375 4341 sich
394 4291 466 4343 nicht
486 4295 512 4344 in
532 4293 591 4345 dem
610 4295 681 4347 brief
695 4296 726 4348 ad
748 4295 856 4347 Paulam
876 4292 1015 4346 Urbicum:
1042 4291 1114 4345 Hiar.
1135 4291 1202 4366 Opp.
1223 4294 1263 4347 ed.

95 4379 220 4434 Erasmus
239 4379 284 4444 IV,
304 4379 351 4431 iol.
365 4383 408 4436 90.
