2716 4898
650 281 716 346 282

184 471 345 534 Gedruekt:
372 479 449 533 1=:
465 473 493 534 J.
518 494 544 536 u.
570 491 595 534 e.
622 473 644 534 G
667 469 720 549 3¹³3
747 479 765 536 2
785 496 826 531 ι·-
844 473 955 550 Corpus
979 471 1202 534 reformatorum
1222 472 1261 532 ed

97 577 331 655 Bretsohueider,
356 581 412 641 rol.
436 579 460 657 1,
484 580 538 641 col.
563 582 602 641 21
629 579 670 657 ig.

644 763 732 832 CCL.

165 857 309 923 stuttgart.
1058 855 1135 906 1518.
1156 852 1229 905 Febr.

92 941 260 1022 Adriano
289 943 326 1020 S.
356 942 591 1044 Chrysogoni
614 941 919 1018 reverendissimo
939 941 1125 1018 cardinali
1152 942 1261 1018 dean·

137 1095 201 1143 nes
228 1067 413 1143 Reuchlin
440 1066 661 1142 Phorcensis
690 1066 765 1142 LL.
799 1063 928 1141 docter·
962 1065 1124 1159 salutern
1152 1065 1224 1141 dat.

183 1232 352 1299 Hebraico
380 1232 526 1297 veritatis
550 1231 768 1309 amatoribus,
798 1229 954 1309 Adriane,
978 1229 1177 1314 optimarum
1202 1228 1261 1294 lite

94 1341 203 1405 riarum
226 1343 377 1423 patrone,
407 1357 510 1420 nuper
538 1337 570 1401 in
601 1337 650 1401 tui
681 1336 815 1402 neminis
847 1336 983 1419 gloriam
1011 1336 1101 1401 nullo
1126 1356 1258 1420 unquam

93 1449 238 1529 tempere
254 1443 461 1508 interiturum
472 1449 504 1508 et
523 1442 666 1507 ecclesia
683 1441 873 1508 universalis
885 1448 1078 1527 perpetuam
1093 1441 1260 1507 utilitatem

94 1571 153 1634 ego
176 1550 300 1636 primus
316 1549 467 1629 omnium,
491 1569 572 1634 quos
597 1555 688 1613 terra
710 1548 862 1627 sustinet,
886 1546 987 1612 libros
1010 1546 1050 1611 de
1074 1545 1256 1612 accentibus

94 1663 129 1724 et
166 1655 397 1740 orthographia
437 1655 624 1721 Judaeorum
672 1674 819 1718 sermone
854 1653 956 1719 latino
993 1652 1097 1732 edidi,
1143 1659 1252 1738 tuoque

93 1761 191 1829 loelici
213 1761 364 1846 prasidio
387 1760 507 1841 dicari,
538 1766 575 1825 ut
599 1765 725 1824 certum
756 1759 893 1825 haberet
916 1759 1031 1824 ducem
1055 1764 1255 1824 externarum

93 1867 276 1952 linguarum
301 1867 447 1933 studiosa
465 1867 634 1952 juventus,
657 1864 717 1930 sub
742 1865 832 1950 cujus
855 1864 946 1948 signo
969 1863 1077 1930 levate
1102 1863 1254 1941 militaret,

94 1994 167 2039 oum
191 1993 272 2057 opus
295 1971 381 2038 soret
403 1978 517 2038 contra
546 1971 687 2036 furiosos
712 1977 745 2035 et
768 1969 899 2036 rabidos
929 1991 1025 2036 canes
1050 1970 1157 2036 omnis
1180 1970 1256 2036 bona

94 2077 175 2144 artis
192 2098 312 2157 osores,
336 2083 450 2142 contra
472 2077 560 2142 luem
573 2083 606 2142 et
629 2083 755 2161 pestem
773 2077 955 2157 vetustatis,
979 2081 1096 2142 contra
1112 2075 1255 2142 librorum

93 2182 318 2263 incendiarios,
345 2191 623 2248 monumentorum
653 2183 951 2267 antiquissimorum
981 2181 1109 2248 cladem
1133 2188 1167 2248 et
1187 2180 1255 2247 orbi·

93 2296 195 2358 tatem
212 2290 367 2357 sitientes.
391 2289 419 2354 N
422 2311 463 2355 en
484 2290 564 2354 satis
587 2310 657 2354 esse
674 2289 760 2367 (luxi,
777 2295 827 2354 tot
845 2287 1029 2353 exantlatos
1041 2287 1183 2367 labores,
1198 2293 1254 2351 tau·

93 2402 164 2463 tum
179 2417 295 2481 operm,
312 2401 440 2461 tantum
456 2395 518 2460 olei
535 2395 758 2479 superioribus
783 2395 875 2459 annis
898 2395 930 2458 in
947 2393 1148 2460 noviciorum
1164 2392 1256 2459 studia

94 2501 300 2587 impendisse,
316 2509 352 2567 ut
376 2523 431 2566 eos
456 2508 490 2567 et
512 2510 628 2583 graeca
644 2501 791 2584 primum,
816 2498 932 2564 deinde
957 2505 989 2565 et
1005 2498 1192 2566 rudimenta
1207 2499 1256 2564 He-

93 2607 208 2675 braica
240 2629 313 2674 cum
344 2606 433 2671 nullo
467 2628 539 2673 mee
577 2606 667 2672 lucro
699 2628 739 2671 ne
769 2612 900 2690 sperato
937 2605 1069 2690 quidem
1103 2607 1256 2682 docerem,

93 2713 157 2780 nisi
180 2714 278 2778 etiam
303 2719 335 2778 et
358 2712 705 2777 consummatissimam
734 2712 960 2795 grammatices
993 2710 1157 2777 hebraica
1189 2713 1257 2778 hano

93 2826 223 2907 partem
240 2825 297 2884 tuo
321 2824 402 2883 nutu
424 2823 524 2902 atque
550 2819 679 2883 numine
703 2817 848 2883 discendi
872 2816 996 2901 cupidis
1020 2818 1167 2900 gratuito
1184 2837 1259 2883 men·

95 2932 244 3005 strarem,
266 2923 300 2990 id
318 2924 404 3008 quod
419 2924 625 3008 potissimum
645 2924 708 2989 fuit
734 2923 950 2989 scribentibus
980 2922 1074 2989 nobis
1095 2924 1258 3009 reliquum,

95 3030 151 3117 qui
175 3029 405 3114 desyderamus
430 3029 526 3114 plene
559 3037 692 3114 pectore
717 3051 756 3095 ac
780 3030 858 3095 totis
885 3027 1007 3094 viribus
1034 3029 1182 3094 omnium
1202 3033 1257 3094 stu·

94 3136 259 3203 diocorum
275 3135 422 3214 salutem,
438 3135 638 3219 dignitatem,
663 3142 760 3221 atque
777 3135 959 3219 profectum
974 3155 1054 3201 cura
1070 3135 1257 3219 cogitatione

93 3242 211 3329 uigiliis
240 3247 274 3307 et
300 3239 580 3307 lucubrationibus
618 3243 737 3307 nestris
771 3261 970 3326 comparare.
1026 3238 1111 3306 Nam
1143 3259 1261 3324 semper

93 3348 163 3416 haec
185 3348 264 3414 mihi
286 3347 349 3413 suit
370 3347 404 3412 in
428 3355 555 3431 partem
571 3347 784 3414 beatitudinis
811 3353 925 3431 optata
948 3367 1036 3426 sors,
1062 3352 1101 3412 ut
1124 3344 1263 3414 omnibus

96 3453 253 3542 prodesse
277 3474 426 3539 possem,
452 3475 571 3521 nocere
595 3454 741 3530 memini,
764 3453 827 3519 nisi
848 3453 931 3517 forte
948 3451 1120 3518 lacessitus
1145 3452 1261 3536 injuria.

95 3560 255 3627 Nimirum
271 3559 313 3625 ad
329 3560 390 3625 hcc
412 3580 463 3625 me
481 3567 599 3626 natura
614 3559 748 3636 inflexit,
775 3558 925 3624 educatio
941 3557 1076 3642 aptavit,
1093 3562 1129 3622 et
1145 3555 1262 3624 vivendi

95 3664 295 3732 cousuetudo
320 3666 443 3750 jugiter
467 3667 654 3744 commovit,
678 3674 714 3730 ut
737 3664 817 3728 nihil
842 3685 912 3729 esse
936 3664 970 3728 in
993 3663 1054 3728 hoc
1080 3663 1192 3729 seculo
1214 3661 1261 3728 be·

94 3771 182 3838 atius
197 3771 388 3852 arbitrarer,
403 3793 501 3856 quam
524 3772 556 3836 in
573 3771 716 3837 omnium
733 3771 892 3837 benorum
908 3768 1073 3835 homiuum
1090 3767 1263 3848 commoda,

95 3878 231 3946 sudores
255 3883 289 3943 et
310 3877 440 3944 labores
464 3883 592 3944 nostros
617 3884 816 3943 conuertere.

185 3983 293 4069 thue
309 3983 389 4049 nihil
411 4004 522 4049 eorum
537 3985 681 4067 ignores:
695 3984 763 4067 jam
779 4003 857 4048 sane
871 3981 912 4047 ab
931 3979 1011 4064 ipsis
1027 3979 1102 4047 vita
1126 4001 1205 4047 meo
1224 3978 1264 4044 in-

94 4089 265 4157 cunabulis
289 4111 382 4156 orsus
408 4091 506 4180 ὥσπερ
530 4093 589 4154 ἀπὸ
611 4099 750 4180 γραμμῆς
773 4088 917 4153 rationes
950 4107 1062 4151 ornnes
1097 4107 1189 4153 meas
1211 4081 1263 4151 tibi

98 4195 215 4280 exigua
239 4195 361 4261 scheda
384 4194 542 4279 colligam.
574 4194 662 4259 Nihil
678 4194 820 4259 omnium
844 4197 937 4258 tanta
960 4191 1060 4258 animi
1076 4192 1126 4258 vel
1143 4197 1263 4259 conten·

95 4300 184 4368 tione
207 4302 257 4368 uel
282 4301 431 4386 cupidine
455 4322 528 4366 sum
551 4306 695 4366 sectatus
720 4305 842 4385 quanta
865 4297 1034 4383 multiplex
1057 4297 1141 4364 illud
1163 4303 1263 4365 exter·

94 4427 211 4480 uerum
237 4408 420 4500 linguarum
450 4407 607 4492 studium,
640 4413 676 4472 ut
707 4427 774 4478 nou
804 4405 951 4477 dubitem
982 4404 1075 4499 sigua
1112 4403 1198 4499 genii
1216 4419 1261 4472 rue
