2716 4898
645 305 710 369 323

602 610 751 676 ccxch.

158 698 321 765 raganari
1000 705 1029 750 11
1052 699 1126 766 apat
1149 701 1225 750 1110.

94 786 229 861 10111111.
258 787 446 863 Reuchlin
473 786 704 884 Phoroensis,
734 789 808 862 LL.
831 789 978 884 Doctor,
1007 788 1176 864 Johanni
1194 786 1259 863 80·Ι

236 911 344 1007 cerio,
375 910 594 1006 Lauchensi,
625 912 744 985 amico
772 938 925 1011 syncero
954 938 981 984 s.
1012 911 1046 984 d.
1076 940 1113 1012 p.

178 1057 267 1142 Opto
292 1064 325 1124 te
350 1058 492 1142 gaudere
515 1079 553 1123 ac
577 1080 648 1124 esse
665 1058 798 1137 salvum,
823 1059 925 1124 amice
949 1058 1090 1123 omnium
1110 1056 1187 1122 mihi
1203 1056 1258 1122 de·

89 1162 343 1246 syderatissime,
367 1185 467 1249 supra
491 1184 589 1249 quam
613 1165 721 1230 Oresti
745 1164 892 1250 Pylades,
918 1164 1045 1230 Seoerie
1070 1163 1113 1227 mi
1136 1162 1253 1242 anime,

89 1290 185 1355 qnam
217 1276 324 1335 tecum
359 1269 475 1335 vellem
499 1268 661 1349 habitare,
693 1271 860 1336 convivere
892 1270 1040 1356 colloqui.
1088 1270 1139 1335 Me
1169 1289 1253 1335 nnnc

87 1373 205 1454 serres,
229 1373 382 1455 arbitror,
405 1382 535 1440 mortua
551 1396 651 1441 uxore
675 1381 733 1441 tua
756 1374 894 1457 facilins,
918 1377 1011 1442 frena
1027 1376 1087 1442 tibi
1111 1396 1173 1441 non
1197 1375 1255 1439 im·

83 1501 254 1563 ponerem,
278 1481 443 1546 lasciviam
475 1503 538 1548 non
562 1483 766 1566 corrigerem,
801 1481 886 1547 alter
909 1504 1005 1566 apum
1030 1503 1088 1547 rex
1111 1502 1256 1547 carerem

83 1584 176 1650 omni
201 1584 325 1666 aculeo,
349 1585 452 1652 dulcis
469 1586 528 1653 tibi
553 1594 586 1653 et
602 1587 740 1653 blandus
757 1609 870 1667 essem,
894 1586 1023 1673 quando
1047 1585 1158 1651 liberae
1182 1607 1257 1651 0011-

82 1691 223 1756 ditionis
243 1694 254 1730 ¹
277 1712 316 1757 ac
340 1697 415 1757 tuus
444 1693 584 1758 evasisti.
632 1691 695 1758 Sed
727 1692 790 1758 heu
824 1694 883 1758 ohe
912 1693 1057 1771 Bacenae,
1085 1712 1124 1756 ac
1143 1693 1256 1776 jugum

80 1794 287 1881 hercynium,
311 1796 441 1863 Rhenus
466 1805 499 1863 et
522 1799 609 1864 Ister
631 1819 689 1863 nos
713 1803 876 1881 separant.
916 1798 1067 1882 Magnum
1091 1796 1190 1862 chaos
1212 1797 1262 1861 in-

80 1907 136 1966 ter
161 1908 336 1987 utrunque.
383 1902 483 1987 Spero
508 1908 627 1983 tamen,
660 1903 745 1988 qnod
774 1924 866 1968 amor
889 1903 943 1968 ille
968 1909 1079 1969 noster
1103 1923 1166 1989 quo
1190 1909 1258 1968 tam

82 2006 298 2073 vehementer
329 2006 495 2093 hucusque
521 2007 690 2074 dileximus
719 2009 805 2075 inter
832 2030 890 2074 nos
919 2017 1110 2094 permaneat
1132 2009 1259 2094 insepa-

85 2112 217 2178 rabilis.

179 2217 244 2284 Sed
267 2218 354 2304 quod
378 2219 420 2284 ad
444 2241 512 2284 rem
535 2228 729 2304 praesentem
756 2221 883 2287 attinet.
931 2221 1010 2305 ani
1033 2227 1167 2307 pestem,
1191 2221 1261 2305 fugi

88 2324 232 2408 gladium
250 2325 271 2403 ²,
296 2330 329 2389 et
353 2325 428 2390 dum
445 2326 558 2392 caelnm
576 2326 675 2405 saevit,
699 2326 928 2392 elementarius
945 2348 1043 2391 senex
1066 2326 1179 2391 literas
1196 2327 1260 2391 An·

88 2429 208 2514 glopoli
240 2429 340 2496 doceo
364 2453 426 2496 non
455 2438 492 2497 ut
517 2431 633 2497 Siciliae
662 2434 813 2517 princeps
846 2432 915 2511 ille,
940 2453 1034 2516 quem
1058 2433 1167 2516 inopia
1191 2431 1256 2516 egit

90 2535 295 2615 Corinthum,
326 2543 365 2603 ut
395 2538 510 2622 pneris
532 2537 722 2622 quotidiana
753 2536 900 2602 mercede
933 2536 1082 2602 literulas
1106 2536 1260 2603 traderet.

90 2641 156 2725 Ego
182 2642 267 2707 enim
291 2664 351 2708 nec
375 2643 497 2723 amicis,
514 2664 618 2728 neque
642 2665 678 2709 10
694 2643 857 2723 familiari,
874 2664 934 2708 nec
949 2642 1057 2727 patria
1080 2662 1185 2721 careo,
1201 2641 1259 2708 sed

89 2747 266 2813 amicorum
290 2769 434 2813 meorum
459 2749 606 2832 catalogo
640 2748 670 2812 in
697 2748 765 2814 dies
789 2771 957 2814 nnmerum
981 2747 1139 2813 infinitum
1164 2742 1258 2812 addo.

91 2852 296 2918 Auditorium
330 2853 483 2938 frequens
514 2854 584 2920 colo
608 2876 793 2939 exornoqne
824 2853 969 2938 diligenti
1001 2874 1074 2919 mea
1096 2853 1256 2934 doctrina,

90 2960 228 3025 audiunt
256 2981 308 3025 me
341 2958 491 3043 discipuli
525 2981 626 3044 prope
657 2959 885 3044 quadringenti
908 2959 1053 3044 quotidie
1077 2981 1179 3045 graece
1204 2956 1259 3024 do·

90 3071 217 3130 centem
241 3071 274 3129 et
298 3062 458 3142 hebraice,
475 3087 534 3131 nec
559 3087 659 3150 opera
675 3086 748 3131 mea
764 3066 858 3146 desit,
881 3086 941 3132 1100
963 3065 1093 3131 illorum
1109 3065 1257 3132 attentio.

90 3170 197 3249 Quare
221 3170 315 3235 mitto
339 3170 470 3237 Thomas
494 3179 604 3237 nostro
621 3171 868 3256 Xenophontem
892 3172 924 3236 111
949 3172 1054 3238 tribus
1078 3172 1255 3256 opusculis:

90 3277 119 3341 in
152 3275 312 3360 apologia,
342 3277 374 3341 in
403 3277 553 3360 Agesilao
586 3284 619 3343 et
654 3278 686 3342 in
718 3278 868 3358 Hierone,
902 3285 939 3343 ut
961 3285 998 3343 tn
1022 3276 1260 3360 quamprimum

89 3380 286 3465 posthabitis
308 3383 406 3448 rebus
431 3383 578 3449 omnihus
603 3404 674 3448 enm
691 3404 794 3466 graece
810 3403 967 3467 perquam
992 3380 1164 3464 diligenter
1186 3401 1260 3447 con·
1322 3380 1323 3384 ’

90 3487 200 3552 cinnes
225 3494 258 3553 et
280 3488 421 3572 imprimi
444 3489 555 3554 facias.
904 3542 908 3549 .

178 3592 250 3658 Erit
281 3592 427 3676 profecto
459 3594 591 3660 lectioni
619 3599 738 3659 nostrae
773 3582 1051 3659 commodissimus
1082 3590 1261 3676 Xenophon

89 3705 122 3764 et
145 3697 284 3764 multum
300 3699 412 3765 honori
437 3700 615 3779 conferens,
640 3699 758 3785 quippe
774 3697 928 3764 laudatus
951 3697 1126 3781 plurimum
1149 3717 1170 3762 a
1193 3695 1261 3762 lau·

90 3803 173 3868 datis
198 3805 284 3869 viris.
330 3804 429 3889 Cujus
453 3827 559 3870 sermo
584 3811 633 3871 est
656 3804 710 3870 ille
736 3803 865 3890 quidem
889 3802 984 3868 melle
1009 3802 1145 3881 dulcior,
1169 3806 1205 3866 nt
1227 3801 1261 3866 in

90 3911 227 3977 Oratore
252 3933 310 3977 suo
341 3911 384 3976 ad
407 3912 544 3978 Brutum
576 3912 707 3996 scripsit
731 3911 843 3977 Cicero
862 3909 875 3949 ⁸
898 3907 1158 3994 aXenophontis
1182 3926 1258 3973 voce

91 4016 200 4081 Musas
225 4017 320 4101 quasi
350 4017 504 4101 loquutus
535 4016 654 4084 lerunt.
701 4018 749 4082 De
779 4037 842 4100 quo
870 4015 1086 4082 institutionis
1110 4012 1262 4080 oratoria

89 4121 173 4187 libro
203 4121 328 4188 decimo
359 4123 607 4202 1111111111111104
630 4124 676 4188 sic
699 4123 764 4188 ait:
799 4121 901 4202 ,Quid
931 4142 990 4206 ego
1014 4137 1261 4185 commemorem

644 4251 661 4290 ²8

164 4340 378 4393 roonnenonn
396 4347 416 4394 1.
491 4341 585 4410 avgr.
600 4341 667 4394 osen
682 4357 736 4393 nro.
751 4340 927 4394 cccxxxv.
1000 4338 1087 4392 1111.
1100 4339 1133 4402 11,
1147 4355 1203 4406 cap.
1221 4344 1262 4389 14.
1332 4319 1334 4322 ’

89 4429 237 4496 111011,
261 4432 344 4496 aar.

976 4503 1010 4562 21
1027 4503 1043 4535 s
