2716 4898
672 277 712 345 12

137 473 331 551 consuleres,
354 468 555 555 principique
579 471 682 537 nostri
706 469 895 537 Eberhardo
919 472 929 510 ¹
952 469 1182 536 humanissimo
1207 489 1300 556 quem

136 579 234 644 audio
250 579 335 643 viros
352 576 465 642 doctos
482 576 587 642 colere
603 598 788 662 amareque,
806 598 930 642 summo
947 576 1064 656 studio,
1089 596 1176 654 cura,
1194 595 1300 658 opera,

135 683 315 762 industria,
346 681 528 764 diligentia,
562 682 700 766 denique
727 683 941 767 persuaderes
969 682 1129 747 neminem
1160 701 1301 765 unquam

136 788 180 854 ad
202 810 312 854 veram
335 787 550 871 cognitionem
572 810 680 854 rernm
705 788 873 872 pervenire
897 809 1006 871 posse,
1043 787 1104 852 nisi
1127 787 1160 851 in
1189 785 1301 870 primis

136 893 226 960 hisee
250 886 457 973 rudimentis,
486 898 524 957 ut
546 893 608 977 ipsi
632 895 738 978 ajunt,
763 895 934 959 vacaverit.
982 894 1074 972 Quod
1097 893 1125 958 si
1149 891 1301 970 effeceris,

136 1006 171 1066 te
200 1007 237 1066 ut
265 999 405 1065 alterum
429 998 615 1064 Ciceronem
644 1020 778 1064 aureum
811 999 1003 1083 eloquentiae
1034 999 1151 1064 flumen
1175 999 1302 1063 immor·

136 1106 258 1171 talitati
283 1104 374 1189 (quid
399 1105 483 1169 enim
508 1105 612 1189 majus
636 1105 668 1169 in
692 1105 894 1170 boemundo
918 1105 978 1170 tibi
1002 1106 1073 1170 dari
1104 1104 1220 1189 possit)
1251 1103 1303 1167 de-

138 1210 334 1290 dicabimus,
364 1210 543 1294 prineipem
567 1232 642 1276 vero
671 1217 815 1277 nostrum
848 1213 1012 1295 praecipua
1040 1210 1209 1293 religione,
1238 1209 1303 1292 pie·

136 1322 222 1396 tate,
253 1316 428 1396 modestia,
457 1317 577 1401 gratia,
608 1317 794 1395 clementia,
820 1318 953 1401 justicia
983 1316 1171 1400 praeditum,
1205 1336 1303 1398 opera

138 1424 230 1507 cujus
256 1429 384 1488 tanturn
414 1423 615 1487 commodum
640 1425 754 1507 patriae
787 1429 905 1489 nostrae
937 1419 1126 1500 accesserit,
1157 1427 1194 1486 ut
1225 1421 1304 1485 alte-

137 1551 208 1594 rum
226 1528 437 1594 Octavianum
463 1537 588 1613 patrem
613 1531 728 1613 patriae
752 1530 794 1594 ad
819 1537 909 1594 astra
932 1529 1081 1593 feremus.
1120 1527 1201 1592 Vale
1225 1548 1304 1610 prae-

138 1641 250 1719 ceptor
280 1635 569 1701 observandissime
595 1641 628 1700 et
651 1636 730 1699 mihi
754 1635 944 1719 aliqnando,
969 1635 1045 1718 quid
1070 1634 1100 1696 in
1134 1655 1169 1697 re
1193 1639 1304 1697 nostra

138 1742 242 1824 egeris
267 1763 363 1826 quem
387 1741 448 1807 tibi
470 1762 534 1806 non
558 1742 662 1807 minus
687 1763 783 1825 quam
807 1740 884 1804 mihi
908 1762 993 1805 curae
1026 1761 1096 1805 esse
1126 1740 1209 1818 seio,
1240 1760 1305 1803 res-

137 1848 243 1926 cribe,
276 1868 429 1931 measque
459 1847 575 1911 lituras
604 1847 646 1911 ab
671 1847 756 1911 omni
787 1852 903 1911 ornatu
932 1846 1120 1926 verborum,
1145 1845 1304 1928 gravitate

138 1954 390 2032 sententiarum,
416 1952 489 2018 stili
522 1952 684 2036 elegantia
714 1953 806 2036 longe
831 1958 955 2018 emotas
979 1973 1084 2036 aequo
1108 1952 1214 2016 animo
1239 1972 1305 2015 sus-

139 2059 220 2142 cipe,
246 2059 344 2123 etiam
368 2065 466 2142 atque
491 2058 589 2122 etiam
613 2080 691 2142 rogo
716 2058 851 2123 obsecro
869 2057 1089 2142 obtestorque.
1128 2059 1177 2121 Ex
1194 2057 1305 2122 Steten

140 2164 191 2230 vel
209 2163 342 2230 Aurelia
366 2164 492 2248 potins,
517 2171 534 2230 6
559 2164 669 2230 Nonas
694 2164 861 2231 Octobres.
900 2165 991 2229 Anno
1015 2164 1130 2229 salutis
1158 2169 1251 2228 1484.

228 2275 391 2334 Godruokt:
422 2270 547 2334 1⁸:20.
571 2294 598 2335 v.
616 2292 641 2334 e.
666 2278 698 2348 33
726 2276 846 2335 2=J.
871 2271 1018 2335 v.eb4b
1042 2270 1144 2335 bisob.
1177 2273 1302 2335 3=C.

138 2396 165 2439 v.
183 2397 208 2442 e.
225 2380 253 2438 ll
267 2377 316 2440 fol.
338 2383 403 2439 132.
421 2379 464 2439 bis
483 2376 552 2441 lib.

694 2539 747 2604 IX.

210 2649 334 2701 Meissen.
552 2663 555 2668 ·
1052 2658 1092 2704 22.
1113 2655 1171 2705 Juli
1195 2657 1271 2704 1486.

163 2768 352 2844 Erhardus
372 2772 417 2846 de
435 2773 661 2874 Windsberg
680 2775 808 2849 doctor
827 2789 862 2849 et
880 2776 984 2849 miles
1001 2776 1013 2815 2
1032 2802 1080 2849 an
1100 2776 1282 2851 Reuchlin

140 2925 264 2991 schickt
288 2928 389 2992 durch
414 2928 475 2993 den
495 2930 588 3012 jiiger
612 2930 762 2995 Wilhelm
786 2931 876 3010 (leis,
911 2931 970 2996 der
1000 2931 1043 2995 im
1067 2952 1183 2996 namen
1208 2931 1305 2996 Eber-

139 3030 239 3098 hards
263 3056 290 3098 v.
320 3034 537 3119 Wirtemberg
560 3036 632 3101 dem
664 3036 782 3121 herzog
805 3037 962 3102 Albreeht
985 3037 1056 3101 dem
1082 3035 1257 3101 beherzten
1280 3058 1305 3099 v.

141 3137 284 3204 Saohsen
306 3140 397 3204 einen
423 3141 590 3225 spiirhnnd
613 3142 770 3227 gebracht
793 3142 884 3207 hatte
900 3142 920 3221 ⁸,
946 3143 1018 3207 dem
1035 3143 1071 3206 R.
1097 3142 1191 3206 einen
1216 3141 1305 3219 brief,

139 3243 173 3308 in
197 3243 269 3308 dem
302 3266 338 3309 er
365 3246 416 3311 die
445 3247 504 3311 auf
525 3248 597 3312 dem
621 3248 834 3313 Frankfurter
858 3247 1020 3329 reichstag
1043 3247 1231 3329 begonnene
1255 3247 1306 3312 be·

139 3348 349 3416 kanntschaft
379 3359 530 3418 erneuert
558 3354 623 3419 und
655 3376 709 3419 nm
740 3353 949 3418 naohrichten
980 3353 1061 3417 iiber
1086 3352 1137 3416 die
1161 3352 1306 3435 lrrdnnng

140 3454 357 3522 Maximilians
380 3458 413 3522 in
437 3459 567 3524 Aachen
591 3484 621 3525 u.
646 3482 670 3526 s.
695 3483 730 3524 w.
755 3458 861 3524 bittet.
908 3461 957 3523 Ex
981 3459 1112 3543 Mysna,
1143 3457 1195 3523 die
1221 3459 1306 3542 Mag-

142 3560 289 3644 daleneS,
314 3585 398 3630 anno
425 3571 518 3631 1486.

231 3672 390 3734 Gedruclrt:
419 3681 496 3734 1=
513 3676 643 3736 C..v.·e.
666 3693 682 3735 0
709 3679 758 3749 74;
784 3680 802 3734 2
827 3697 869 3728 =
884 3675 912 3734 J.
929 3693 956 3734 v.
974 3690 998 3733 e.
1016 3675 1067 3748 (ἰῆς
1094 3677 1171 3733 3:
1190 3674 1221 3734 O.
1239 3692 1266 3733 v.
1283 3691 1304 3732 e.

140 3777 169 3837 II
184 3777 233 3838 fol.
254 3775 321 3838 19b.
715 3867 733 3905 ἧς

215 3959 224 4003 1
240 3937 314 4004 liber
325 3955 474 4007 Eberhards
487 3957 686 4023 begiinstigung
700 3956 744 4006 der
757 3956 860 4005 studien
874 3953 927 4019 vgl.
941 3952 1069 4004 Renehlin
1084 3968 1104 4002 s.
1120 3955 1161 4002 23.
1209 3958 1222 4002 2
1239 3939 1307 4003 llber-

140 4043 202 4096 Erh.
229 4061 252 4094 v.
280 4045 320 4094 W.
346 4045 400 4110 rgl.
427 4045 556 4095 Reuoblin
582 4062 603 4095 s.
630 4049 672 4106 31,
697 4046 742 4105 533
767 4045 807 4092 ein
833 4043 903 4092 brief
925 4058 975 4091 von
1002 4041 1055 4090 ihm
1080 4040 1113 4090 ad
1133 4040 1306 4090 clarissimum

140 4141 224 4182 utrum
251 4133 441 4182 llertmnnnnm
469 4134 499 4182 de
522 4135 651 4199 Eptingen
679 4133 798 4183 eeclesiae
818 4132 969 4182 basiliensis
989 4129 1143 4178 canonicum
1171 4145 1228 4178 zum
1249 4129 1306 4178 lobe

141 4221 186 4271 der
210 4224 353 4288 astrologie
378 4222 458 4272 findet
480 4223 536 4272 sich
557 4224 583 4270 in
609 4222 654 4271 der
680 4222 705 4270 k.
732 4221 757 4270 k.
781 4221 885 4269 Wiener
911 4219 976 4268 bibl.
1001 4217 1063 4265 Cod.
1090 4232 1140 4266 rec.
1168 4221 1237 4267 2055
1264 4217 1306 4266 fol.

146 4313 192 4360 192
210 4310 252 4360 bis
273 4316 328 4361 212.
403 4314 417 4359 3
444 4295 516 4359 llber
540 4311 680 4360 Albrochts
695 4307 927 4375 jagdliebhuberei
946 4306 1002 4371 vgl.
1026 4305 1166 4369 Lnngcnn:
1187 4309 1217 4353 Α.
1238 4306 1261 4354 d.
1280 4307 1306 4354 ll.

143 4404 312 4450 stammvntsr
331 4400 376 4450 des
395 4398 566 4465 kbniglichen
587 4399 683 4450 hauses
704 4398 832 4460 Snehsen,
853 4396 962 4465 Leipzig
985 4396 1058 4453 1838,
1080 4409 1101 4443 s.
1120 4395 1171 4442 455
1192 4395 1220 4447 ff.
