2716 4898
628 266 690 332 138

77 476 129 521 me
153 476 217 521 non
240 477 313 521 mea
335 456 519 523 temeritate
535 455 602 522 nlla
623 457 657 521 in
680 455 765 523 hanc
780 456 986 542 Charybdim,
1009 457 1043 522 in
1057 455 1129 523 haec
1152 458 1242 525 male

75 560 212 626 fortuna
235 561 414 640 involucra,
445 563 478 627 in
513 563 573 628 hos
595 562 747 646 scylleos
780 563 930 647 scopulos
966 563 1158 647 impegisse,
1189 563 1241 630 sed

74 666 229 732 mandato
250 667 461 751 Imperatoris
483 676 517 733 et
534 667 773 751 trehit-piscopi
796 669 967 752 preceptis
985 668 996 706 ¹
1026 668 1188 752 paruisse,
1209 675 1241 735 ut

75 772 181 838 celere
204 773 282 857 quid
305 773 346 838 de
369 773 551 839 cremandis
572 774 760 839 ludaeorum
782 772 874 838 libris
898 773 1052 837 sentirem
1068 772 1239 857 obsignato

74 877 278 962 fideliterque
301 880 491 944 transmisso
514 879 649 944 consilio
672 900 745 943 cum
768 879 895 943 nemine
917 878 1045 942 autea²
1070 880 1241 944 commuui-

76 990 149 1048 cato
172 984 400 1069 patefacerem.
446 985 528 1048 Nam
559 983 758 1049 excellentia
788 990 866 1062 tuae,
896 984 1018 1048 Doctor
1040 984 1173 1063 eximie,
1199 987 1241 1050 ita

76 1110 127 1155 me
159 1091 247 1155 Deus
276 1089 423 1173 adjuvet,
450 1096 539 1154 recte
564 1092 735 1174 juravero,
766 1088 844 1153 mihi
868 1096 949 1165 tum,
980 1111 1054 1153 cum
1078 1109 1183 1154 essem
1211 1090 1241 1154 in

77 1194 245 1273 dictando,
269 1193 388 1259 nullius
409 1196 630 1260 universitatis
653 1195 777 1259 venisse
800 1196 833 1259 iu
856 1200 1014 1273 mentem,
1045 1193 1172 1258 nullum
1195 1216 1239 1261 me

77 1301 236 1384 cogitasse
260 1298 433 1378 hominum,
456 1300 579 1364 nullum
601 1299 809 1364 consiliorum
832 1299 1008 1381 collegam,
1038 1301 1187 1383 quamvis
1212 1302 1241 1366 iu

77 1405 300 1470 commissione
323 1406 512 1470 nominatim
535 1405 617 1469 alios
640 1426 768 1489 quoque
791 1405 804 1442 ³
826 1404 1095 1488 deprehenderim
1129 1404 1240 1490 quibus

76 1532 138 1596 par
166 1512 331 1594 negocium
359 1511 474 1576 luisset
505 1512 707 1594 imperatum
753 1511 852 1594 Atqui
881 1509 1093 1575 festinatione
1122 1511 1239 1576 laboris

76 1617 264 1701 imprudens
288 1638 355 1700 ego,
379 1638 442 1681 non
466 1616 543 1701 quid
566 1616 622 1681 alii
638 1616 791 1680 dictaturi
807 1622 925 1696 essent,
949 1614 1007 1680 sed
1023 1622 1154 1682 tantum
1170 1615 1241 1702 quid

76 1723 146 1807 ipse
169 1722 320 1788 afferrem
342 1724 375 1787 iu
399 1722 542 1787 medium
565 1722 775 1788 consideravi.

166 1828 273 1905 Quare
296 1849 355 1911 per
379 1828 482 1892 Deum
505 1827 721 1892 immortalem
736 1828 760 1906 ⁴,
784 1826 903 1891 nullius
919 1826 1006 1892 docti
1021 1826 1161 1892 hominis
1176 1849 1242 1893 con·

76 1938 204 2018 temptu
228 1954 267 1997 ea
289 1934 413 2017 scripsi,
437 1941 629 2018 tantumque
652 1933 761 2011 abest,
785 1940 823 1996 ut
850 1931 989 1997 elatione
1021 1933 1111 1997 laetu
1140 1934 1241 2012 livore,

77 2046 136 2103 aut
167 2059 243 2121 erga
274 2039 403 2122 quosvis
431 2039 579 2104 literatos
610 2046 736 2103 tumore
760 2038 858 2102 animi
881 2038 915 2101 in
939 2039 989 2102 his
1014 2040 1147 2123 scriptis
1170 2059 1242 2105 usus

77 2145 147 2224 sim,
170 2151 208 2209 ut
231 2144 328 2209 etiam
352 2166 444 2210 nemo
468 2144 508 2210 de
531 2167 581 2209 me
599 2146 758 2209 veraciter
774 2144 920 2229 prolerre
937 2152 1037 2230 queat
1054 2167 1106 2210 me
1131 2144 1242 2230 quibus

77 2250 141 2314 vixi
170 2251 407 2334 qninquaginta
439 2272 496 2315 sex
524 2252 616 2315 annis
642 2250 665 2329 ⁵,
695 2250 761 2315 ullo
791 2267 934 2335 unquam
966 2257 1113 2335 tempore
1145 2253 1239 2317 scien·

76 2357 195 2421 tiarum
224 2358 348 2440 peritos
378 2357 567 2440 neglexisse.
614 2356 677 2421 Sed
706 2358 792 2421 omni
821 2377 879 2439 ego
903 2357 1083 2440 discipliuae
1118 2378 1239 2442 semper

75 2461 231 2527 honorem
253 2463 364 2541 detuli,
388 2464 527 2527 maxime
550 2470 659 2526 autem
683 2463 910 2527 sacratissimae
933 2462 1113 2545 theologiae,
1137 2464 1185 2528 ita
1204 2469 1238 2526 ut

76 2568 277 2633 novissime⁶
300 2570 333 2633 iu
356 2569 444 2632 illius
468 2568 666 2651 profectum,
690 2568 865 2632 utilitatem
896 2576 996 2652 atque
1030 2568 1162 2633 laudem
1189 2567 1236 2632 he-

76 2673 238 2740 braeorum
268 2675 409 2757 linguam
439 2676 472 2738 in
500 2674 618 2738 latinas
641 2674 788 2757 regulas,
816 2694 898 2756 opus
928 2679 1026 2738 antea
1048 2673 1237 2750 inauditnm,

76 2781 274 2863 redegerim,
306 2781 441 2864 ejusque
476 2779 703 2844 dictionarium
739 2779 990 2858 construxerim,
1019 2779 1133 2845 labore
1172 2799 1235 2843 meo

77 2884 316 2970 plenissimum,
341 2907 414 2949 cum
437 2884 618 2950 nonnullo⁷
650 2886 697 2949 rei
729 2906 808 2950 meae
833 2884 1002 2950 familiaris
1024 2885 1187 2969 impendio
1208 2890 1236 2948 et

75 2991 220 3076 jactura,
251 2998 378 3055 tantum
415 3012 466 3055 me
502 2992 602 3055 movit
631 3011 799 3056 sacrarum
830 2991 999 3056 literarum
1029 2991 1175 3076 insignis¹
1192 3010 1237 3055 ex·

80 3095 242 3175 cellentia,
267 3102 300 3160 et
323 3096 467 3180 ejusdem
490 3097 723 3180 discipulorum
747 3097 849 3162 honor
872 3102 905 3162 et
926 3096 1034 3162 decus.

167 3201 205 3265 Id
221 3201 337 3282 scribo,
353 3209 391 3266 ut
403 3223 497 3267 nemo
508 3224 558 3267 me
569 3203 748 3268 arbitretur
756 3202 881 3267 illustre
892 3202 972 3266 illud
983 3207 1016 3266 et
1028 3200 1238 3285 splendidissi-

78 3328 167 3372 mum
177 3308 378 3392 gymnasium
388 3317 534 3374 vestrum
547 3308 789 3392 contempsisse,
799 3308 855 3392 qui
866 3307 973 3372 adhuc
986 3308 1140 3387 nesciam,
1154 3305 1237 3391 quale

78 3436 135 3479 vos
160 3413 355 3479 consilinm⁸
379 3413 544 3479 dederitis.
580 3415 692 3479 Potuit
714 3419 824 3478 antem
849 3411 934 3492 fieri,
958 3418 997 3476 ut
1021 3433 1096 3477 cum
1118 3412 1158 3478 de
1181 3431 1238 3477 cre·

77 3521 205 3585 mandis
228 3520 414 3585 Judaeorum
438 3520 529 3585 libris
559 3521 682 3584 nnllam
710 3520 822 3602 legem,
846 3517 970 3583 nullum
986 3538 1159 3598 canonem,
1180 3516 1239 3583 nul·

80 3626 149 3692 lum
165 3627 332 3691 decretum
346 3626 520 3711 publicum,
543 3626 666 3691 nullam
680 3624 872 3690 universalis
890 3623 1033 3689 ecolesiae
1056 3624 1240 3691 determina

658 3772 674 3808 ss

154 3868 164 3912 l
188 3863 217 3913 V.
232 3863 336 3914 attuli
351 3879 375 3914 u.
399 3867 429 3913 12
445 3865 513 3929 Aug.
535 3865 613 3923 1510,
629 3878 685 3914 nro.
703 3861 777 3913 CXX
791 3880 816 3912 u.
831 3862 925 3913 cxxi.
998 3864 1013 3910 2
1034 3862 1120 3910 Antea
1137 3864 1242 3925 turgt.

80 3951 230 4005 dNttrnlich
247 3952 422 4002 llochstrnten
437 3967 461 4000 u.
477 3951 570 4001 Viktor
582 3968 606 4000 v.
620 3951 735 4001 Karben.
785 3956 799 3999 4
814 3949 994 4015 Connydcravi
1009 3953 1022 3998 2
1038 3951 1064 3997 in
1077 3949 1212 3999 mortalem
1227 3953 1243 3997 l.

78 4044 94 4092 5
114 4041 188 4092 Nuclr
202 4040 291 4092 annis:
313 4048 339 4089 et
357 4055 436 4106 supra
456 4044 479 4090 2.
499 4041 603 4089 Genius
616 4041 674 4089 eine
689 4038 827 4090 hinuuthet
840 4039 882 4088 bei
896 4039 942 4088 der
954 4038 1121 4103 hcrsusgabe
1136 4037 1181 4088 der
1192 4053 1244 4102 epp·

79 4130 116 4181 lll.
131 4127 397 4191 vir,dioabernicl1t
410 4134 491 4193 pauet,
506 4130 533 4178 ll.
549 4128 637 4178 wirrde
654 4132 720 4178 1455
734 4128 848 4193 geboron
863 4156 894 4165 -
905 4136 1028 4191 tanquam
1042 4127 1083 4175 ldr
1096 4141 1212 4191 unquam
1224 4128 1243 4173 2.

79 4216 272 4284 thosineime]
304 4218 369 4266 1506
397 4232 418 4266 s.
443 4216 492 4265 den
514 4215 734 4283 widrnungsbriot
754 4233 786 4267 an
810 4216 860 4266 dun
885 4214 981 4265 bruder
1009 4215 1157 4280 Dionysius
1182 4213 1243 4263 olen

76 4319 133 4355 nro.
156 4297 345 4355 lxxxxv
385 4304 516 4369 ildegno
535 4305 763 4356 ttlrnonnullot
837 4290 945 4356 selber
964 4303 1182 4430 denruthschleg
1199 4300 1239 4354 der

80 4392 176 4449 Ctluer
194 4393 310 4449 lskultttt
329 4392 382 4472 rgl.
402 4391 574 4451 Reuchlius.
596 4394 647 4444 255
667 4395 703 4471 {g
