2716 4898
640 313 706 379 269

81 501 260 569 obliterata
281 503 315 568 in
341 501 450 571 ,lucem
473 499 606 567 rediret.
653 501 724 567 Hoc
748 521 843 584 egere
867 498 983 566 summi
1012 498 1074 565 riri
1096 497 1260 577 certatim,

79 607 163 674 Nam
187 607 301 674 docuit
316 607 385 687 hic,
414 605 694 672 commentabatur
717 606 820 685 alter,
843 605 969 690 legerat
991 605 1069 684 iste,
1098 605 1258 688 interpre-

78 719 171 781 tetus
196 718 250 779 est
271 712 329 777 ille
352 733 391 777 ac
415 711 541 796 linguas
557 711 655 777 vertit
678 713 713 776 in
734 712 869 796 linguas.
916 710 1081 776 Mamilius
1097 709 1257 776 Graeoiam

77 819 178 886 duxit
211 819 247 885 iu
276 819 424 899 Latium,
457 818 619 885 Romanos
652 818 685 881 in
716 817 874 884 Graeciam
906 815 1085 882 Politianus
1115 814 1256 881 reduxit.

76 923 257 993 instabant
279 944 391 990 omnes
414 924 521 1008 operi,
552 945 646 990 nemo
674 944 738 988 non
764 942 907 989 summas
932 920 1112 987 Medicibus
1140 918 1260 987 laudes

76 1029 232 1096 afferens
277 1029 401 1095 Hosio
425 1029 552 1108 heroas,
577 1028 765 1094 beatissime
780 1028 857 1108 Leo,
881 1034 958 1093 tuus
981 1025 1099 1091 natalis
1122 1024 1256 1110 virgula,

74 1141 115 1202 ut
139 1137 249 1221 ajunt,
285 1134 391 1200 divina
422 1134 572 1200 foeliciter
595 1135 721 1212 cecidit,
751 1134 820 1200 Diis
853 1133 972 1217 gratia,
1007 1137 1096 1198 certe
1123 1138 1162 1199 ut
1192 1151 1260 1198 nou

76 1245 228 1307 restaret
259 1239 362 1306 ullum
385 1239 594 1323 elegantioris
628 1239 783 1305 doctrina
813 1260 928 1323 genus,
960 1239 993 1303 in
1025 1258 1090 1323 quo
1125 1243 1164 1304 tu
1191 1224 1259 1303 nou

79 1345 229 1413 evaseris
262 1345 416 1431 peritior,
454 1345 537 1412 adeo
576 1346 707 1431 quidem
743 1365 826 1429 puer
872 1343 1041 1428 amplexus
1072 1343 1259 1429 politissimi

81 1451 282 1519 suautatem
304 1450 466 1517 Politioni.

173 1555 262 1634 Quid
284 1556 421 1622 multis?
451 1555 617 1622 Florentia
644 1557 701 1622 illo
730 1577 796 1622 aevo
825 1555 905 1621 nihil
938 1563 1010 1623 erat
1036 1554 1200 1635 floridius,
1222 1555 1257 1623 in

81 1683 150 1748 qna
191 1667 444 1729 renascerentur
481 1662 678 1746 optimarum
715 1663 836 1727 artium
878 1682 951 1745 qnae
988 1667 1065 1727 ante
1110 1659 1259 1734 cecidere

82 1769 209 1848 omnia,
233 1767 313 1833 nihil
336 1767 494 1834 remansit
516 1768 674 1834 intactum
698 1768 739 1833 de
762 1767 879 1850 linguis
903 1772 937 1833 et
959 1765 1080 1846 literis,
1105 1786 1170 1850 qno
1192 1784 1258 1833 non

85 1878 320 1939 exercerentur
342 1871 535 1937 nobilissimi
550 1873 737 1939 Florentini.
784 1873 832 1937 Ea
854 1872 941 1937 fama
965 1893 1024 1956 ego
1039 1879 1109 1938 tum
1125 1871 1258 1958 quidem

86 1979 297 2046 vehementer
319 1978 479 2058 movebar,
503 1984 612 2045 tactus
637 1981 706 2065 ejus
722 1978 785 2043 loci
801 1977 988 2061 cupiditate,
1012 1999 1051 2043 ac
1073 1998 1137 2043 non
1154 1977 1258 2044 solum

86 2083 396 2170 magnificentissimi
419 2090 453 2149 et
474 2084 594 2151 insueti
615 2084 709 2158 nobis
725 2085 893 2168 Hercyniis
918 2081 1044 2149 dificiiae
1064 2085 1159 2151 avitae
1183 2090 1256 2164 tuae,

88 2211 184 2275 qoam
208 2189 316 2274 Magni
347 2189 455 2256 Cosmi
487 2192 712 2270 nominarunt,
748 2211 859 2256 verum
897 2190 996 2255 etiam
1031 2189 1177 2274 parentis
1208 2187 1259 2265 tui

89 2295 259 2381 desyderio
288 2295 428 2384 visendi,
456 2295 541 2361 unde
569 2301 681 2363 nostro
718 2295 836 2361 saeculo
867 2301 960 2361 tanta
987 2293 1157 2360 commoda
1184 2312 1260 2377 pro·

90 2399 233 2468 diissent.
1077 2436 1080 2442 ·
1251 2384 1259 2443 ἶ

173 2508 279 2592 Igitur
300 2508 333 2572 in
356 2507 485 2573 Italiam
507 2508 672 2592 profectus
695 2529 769 2574 cum
791 2506 911 2573 illustri
933 2505 1123 2572 Eberhardo
1146 2486 1257 2570 Probo

90 2610 271 2683 Suevorum
293 2619 405 2679 nostra
428 2620 525 2680 state
548 2614 652 2698 primo
678 2614 782 2691 Duce,
815 2612 867 2678 cui
889 2633 909 2676 a
938 2610 1078 2677 Secretis
1109 2608 1257 2685 fiebam}

87 2715 208 2786 intravi
232 2718 432 2784 Florentiam
455 2719 585 2785 circiter
615 2724 654 2784 12
677 2718 840 2784 Kalendas
863 2716 992 2801 Apriles
1021 2717 1112 2781 Anno
1136 2713 1258 2780 Christi

86 2827 184 2893 1482,
240 2823 374 2909 Cunque
398 2825 555 2909 insignem
583 2825 716 2891 Medicae
741 2824 845 2909 gentis
882 2822 1088 2888 nobilitatem
1121 2821 1152 2887 ei
1182 2818 1259 2898 duci

80 2929 377 3010 commendassem,
408 2937 446 3004 ut
474 2952 534 3015 pro
558 2931 606 2997 rei
637 2931 774 2996 veritate
797 2929 944 3013 profecto
972 2928 1088 3010 debui,
1118 2925 1258 3012 optabat

77 3053 157 3102 cnm
197 3055 237 3101 eo
268 3036 331 3101 sibi
360 3035 428 3101 viro
460 3036 656 3123 colloquium
694 3035 825 3102 habere.
884 3034 977 3115 Quod
1013 3035 1071 3100 nbi
1108 3030 1257 3110 animadf

73 3141 249 3221 vertisset,
272 3141 379 3207 nescio
404 3162 467 3226 quo
491 3142 672 3222 revelante,
695 3141 906 3222 Laurentius,
930 3140 1145 3225 apprehendit
1167 3159 1260 3224 pereq

72 3247 169 3332 grini
201 3244 371 3311 dexteram
400 3267 561 3330 perquam
591 3247 791 3328 humaniter,
829 3269 1003 3331 omnesque
1034 3267 1092 3311 nos
1128 3246 1259 3310 domum

72 3360 178 3421 tuam
205 3350 299 3416 duxit
328 3351 454 3436 singula
482 3354 552 3418 visu
585 3353 680 3438 digna
708 3352 899 3420 ostendens:
923 3353 1049 3430 Primo,
1081 3335 1259 3417 faberrime

73 3469 248 3545 equorum
263 3457 403 3536 stabula,
427 3458 543 3524 deinde
560 3459 847 3524 armamentarium
863 3459 949 3524 omni
964 3464 1125 3540 apparatu
1141 3454 1258 3534 bellico

72 3565 261 3644 refertum,
289 3571 364 3647 post
393 3564 472 3629 item
505 3564 645 3648 singulos
676 3565 836 3630 thalamos
864 3561 1112 3646 ,pretiosissimis
1143 3559 1258 3628 aulaeis

73 3676 221 3738 ornatos
253 3669 472 3754 pulchrosque
510 3675 639 3754 tapetas
677 3676 710 3735 81
750 3671 784 3734 in
813 3669 940 3735 excelso
976 3668 1126 3734 culminis
1166 3671 1256 3745 tecto

76 3773 262 3843 arboribus
284 3776 445 3841 consitum
460 3797 584 3857 nemus,
607 3776 816 3860 hesperidum
831 3775 951 3855 hortos,
976 3797 1014 3840 ao
1036 3795 1137 3840 aurea
1159 3773 1255 3857 mala,

77 3883 178 3968 cujus
210 3879 443 3947 bibliothecam
470 3903 544 3946 cum
576 3882 609 3947 in
642 3880 740 3947 coelos
772 3901 875 3966 usque
914 3881 1022 3948 verbis
1059 3880 1258 3971 extollerem,

79 3987 340 4072 perhumaniter,
363 3992 402 4051 ut
424 3986 551 4053 solebat
573 3987 622 4052 vir
645 3988 863 4066 suavissimus,
886 3985 1055 4071 respondit
1082 3987 1257 4071 ,majorem

83 4092 150 4159 sibi
172 4092 363 4158 thesaurum
387 4093 419 4156 in
443 4091 554 4158 liberis
572 4114 755 4177 essequam
777 4094 811 4158 in
833 4092 958 4158 libris“.

84 4234 88 4249 ι
131 4199 157 4236 ’·
177 4197 293 4276 Quaeso
325 4203 373 4278 te,
403 4198 492 4282 Papa
516 4198 733 4280 sanctissime,
757 4199 846 4266 sinas
875 4220 927 4267 ma
954 4198 1047 4285 loqui
1068 4205 1184 4266 tecum
1200 4195 1259 4275 alie

657 4348 674 4384 s

160 4441 170 4488 l
191 4432 256 4504 Vgl.
275 4434 340 4490 tiber
359 4434 431 4488 diese
452 4435 518 4487 reise
539 4434 675 4500 Reuchlin,
694 4453 714 4488 s.
736 4439 768 4486 24
788 4437 825 4505 lg.
