2716 4898
644 287 706 353 183

90 500 346 564 vergenommeu,
377 477 460 544 habe
491 477 538 544 sie
567 477 735 546 iibereetzt
764 477 831 546 und
852 475 920 546 ihm
943 478 1142 564 zugeeignet.
1189 477 1262 548 Von

92 585 246 652 welchem
276 583 497 677 Hippohrates
531 583 583 650 die
616 583 731 650 schrift
761 584 940 666 herriihre‚
970 585 1063 652 wisse
1095 606 1131 651 er
1163 581 1261 649 nicht.

89 692 135 757 Er
158 689 311 757 versucht
334 712 373 756 zu
389 689 511 774 zeigen,
535 689 612 757 dass
628 690 680 756 die
698 690 836 757 mediciu
853 712 915 758 ron
932 689 995 757 den
1005 691 1109 776 judeu
1124 694 1262 758 stamme

91 796 158 863 und
181 817 243 862 von
264 795 364 862 ihnen
388 795 475 861 allen
498 794 631 862 vdlkern
655 796 852 881 mitgetheilt
876 795 932 864 sei.

180 900 248 967 Nec
279 900 314 967 id
343 900 404 967 tihi
432 901 634 968 stomachum
658 909 799 982 moreat,
829 903 923 988 quasi
952 900 1059 968 nostri
1082 898 1184 968 seculi
1206 900 1263 966 Ju-

93 1006 180 1073 daeos
218 1006 268 1072 rel
306 1004 478 1074 formidine
513 1028 617 1092 poenae
655 1007 696 1073 ob
735 1014 919 1074 anteactam
958 1005 1116 1073 scelerate
1154 1006 1262 1085 vitam,

93 1112 143 1178 vel
178 1119 313 1198 propter
342 1116 501 1198 quaestum
537 1113 727 1198 ampliorem
763 1119 822 1179 aut
859 1110 1052 1197 explendam
1093 1109 1262 1178 libidinem

92 1216 180 1304 aqua
204 1216 350 1303 baptizat
352 1239 402 1298 os,
430 1207 550 1284 tinctos
580 1224 638 1285 ant
666 1238 790 1284 mersos
814 1222 906 1285 ttano
931 1217 1047 1285 ettali
1070 1217 1184 1302 digner
1205 1217 1262 1287 ho-

93 1345 181 1405 nore,
204 1329 242 1390 ut
264 1323 361 1390 sint
352 1344 385 1388 m
407 1344 542 1390 numero
566 1324 819 1390 clarissimorum
839 1323 1037 1391 medicorum
1060 1323 1259 1391 recensendi.

93 1429 166 1496 Non
196 1429 280 1495 enim
310 1428 374 1495 illis
403 1428 604 1515 vagabundis
634 1451 751 1497 nomen
781 1429 863 1496 artis
893 1435 962 1497 tam
992 1427 1182 1496 honorabile
1204 1429 1263 1495 im·

92 1534 217 1620 pertiar
241 1549 379 1621 quorum
402 1533 541 1618 perfidia
558 1533 747 1622 frequenter
762 1533 806 1601 ad
822 1536 976 1601 vomitum
992 1533 1084 1600 redit
1124 1534 1262 1601 Possent

94 1648 203 1706 temen
233 1640 340 1706 fatcor
361 1639 501 1706 inveniri
531 1661 572 1706 ex
603 1640 800 1727 ejuscemodi
822 1639 946 1706 Judaeis
971 1638 1145 1724 baptizatis
1168 1638 1262 1704 malae

94 1746 217 1826 bestiae,
241 1745 347 1832 quise
370 1744 458 1831 ipsos
482 1747 605 1832 rejecta
628 1747 714 1813 omni
738 1744 933 1812 verecundia
955 1743 1076 1832 partim
1099 1749 1259 1819 vestrates
1318 1809 1321 1815 .

94 1853 127 1918 in
150 1850 426 1937 parabalonorum
454 1850 487 1916 id
517 1857 568 1918 est
595 1873 710 1919 manus
734 1851 967 1937 applicantium
991 1849 1155 1916 consortia
1175 1848 1263 1934 inge-

95 1979 177 2039 rere,
200 1958 322 2042 partim
338 1963 501 2024 nostrates
517 1978 599 2024 ausu
615 1957 788 2024 temerario
806 1978 876 2023 sese
893 1955 1059 2040 theologos
1075 1954 1261 2022 hebraistas

94 2063 376 2148 fallaciloquenter
408 2061 529 2147 fingere
559 2084 623 2130 uon
651 2068 795 2144 cessant,
824 2084 897 2128 cum
935 2061 1004 2129 sint
1040 2061 1104 2146 ipsi
1132 2061 1262 2147 penitus

94 2169 217 2235 indocti
244 2176 276 2235 et
309 2168 429 2235 nullius
462 2168 555 2235 bonae
585 2170 666 2236 artis
695 2168 815 2235 initiati
838 2217 943 2234 .....
973 2167 1092 2246 Quales
1123 2172 1261 2251 uterque

91 2281 238 2341 nostrum
257 2274 327 2359 jam
357 2273 485 2360 pridem
514 2275 622 2341 sortiti
648 2296 758 2341 sumus
792 2274 948 2357 mastigas
976 2271 1124 2338 Judaeum
1157 2270 1264 2356 bapti-

91 2386 198 2446 zatum
222 2379 359 2465 quisque
391 2402 501 2462 suum,
530 2388 568 2447 tu
589 2379 680 2446 illum
705 2380 760 2466 qui
790 2385 822 2446 te
846 2378 1077 2462 contempserit
1098 2377 1132 2441 in
1164 2375 1264 2442 medi·

91 2485 186 2552 caudi
218 2485 375 2552 facultate
405 2488 430 2568 ¹,
465 2508 561 2573 quem
593 2486 689 2552 Ulmo
724 2491 781 2552 tua
804 2483 940 2550 celebris
976 2482 1107 2549 civitate
1139 2482 1262 2565 exegit3

91 2613 128 2658 ac
153 2613 213 2678 ego
237 2612 310 2658 eum
335 2591 391 2678 qui
412 2592 492 2658 mihi
507 2592 668 2659 restiterit
690 2593 723 2657 in
747 2597 885 2677 uroque
904 2589 978 2674 jure
997 2587 1263 2653 calumniatorem

91 2697 373 2765 mendacissimum
397 2705 430 2764 et
453 2697 591 2784 perfidia
616 2702 843 2765 scatentem..

103 2862 109 2874 ‹
179 2823 430 2900 Widmnngsbriel
442 2825 495 2885 der
509 2823 622 2886 schrift:
647 2826 808 2900 Hippocrat
808 2840 839 2886 es
795 2747 892 2886 tde
906 2823 1119 2899 praeparatione
1142 2773 1265 2882 hominis

92 2930 246 3008 (Renehlin
263 2930 292 2991 S.
312 2930 351 2990 96
368 2929 396 2989 A
413 2928 445 3005 2)
461 2926 515 2993 Ab.
532 2933 577 2993 bis
593 2933 620 2992 A
638 2936 682 2992 4ιι

618 3114 742 3181 CLVII.

162 3202 312 3269 Niirnherg.
1031 3207 1041 3252 1
1063 3200 1127 3252 Dec.
1151 3201 1226 3251 1512.

145 3316 356 3393 Bilibaldus
384 3313 628 3416 Ργιιιιιιιιιειι2
655 3315 797 3391 Joanni
824 3313 1008 3391 Reuchlin
1035 3313 1202 3387 salutem.

182 3463 312 3548 Scripsi,
336 3463 385 3528 vir
408 3463 595 3544 clarissime,
619 3467 733 3528 aestate
749 3461 862 3546 elapsa
879 3460 892 3501 ³
915 3480 988 3526 curn
1002 3457 1077 3524 hinc
1093 3458 1259 3524 Treverim

93 3568 242 3634 abiturus
275 3589 394 3648 essem,
425 3567 585 3654 simulque
614 3568 674 3633 tibi
697 3567 823 3634 ostendi
848 3563 1076 3632 Demosthenis
1100 3563 1264 3629 orationes

94 3695 159 3741 una
188 3694 261 3740 cum
293 3673 535 3740 commentariis
558 3695 599 3739 ex
621 3673 767 3740 Venetiis
789 3671 909 3738 allatas
933 3691 1001 3738 esse
1018 3669 1042 3734 ⁴.
1088 3668 1167 3737 Inde
1191 3689 1265 3734 curn

652 3797 671 3833 ἰι

93 3885 135 3935 die
153 3883 221 3934 nach
241 3883 340 3933 seincm
360 3881 421 3934 tode
439 3882 656 3951 herausgegehen
678 3883 798 3934 wordenr
817 3882 873 3948 νει.
887 3883 1074 3947 Weysrmenn:
1093 3879 1266 3931 nnchrichten

95 3990 144 4024 von
165 3971 304 4022 kiinstleru
323 3970 376 4021 und
395 3971 531 4038 gelehrten
549 3973 578 4021 iu
598 3972 658 4023 Ulm
680 3975 746 4024 1798
770 3971 783 4020 1
801 3987 822 4023 s.
843 3973 893 4021 487
914 3971 950 4036 lg.
989 3971 1075 4022 Wann
1095 3967 1204 4019 Stocker
1223 3966 1266 4016 dic

95 4059 299 4110 bekanntsobaft
312 4058 455 4110 Renchlins
469 4059 592 4127 gemacht
605 4060 659 4123 hat,
679 4059 792 4111 darilbcr
805 4058 893 4109 fchlen
906 4059 949 4110 die
960 4057 1144 4120 nncbrichten,
1159 4057 1266 4122 cher·

95 4165 172 4201 menn
189 4148 226 4198 iat
244 4146 428 4214 vorliegendsr
446 4147 518 4199 brief
533 4148 687 4199 unbekannt
705 4147 855 4215 gehlieben.

168 4241 179 4286 l
200 4221 274 4286 llber
293 4235 378 4286 dieses
398 4237 527 4303 ereignies
546 4252 596 4288 eus
615 4235 673 4287 dem
692 4237 769 4289 leben
783 4236 829 4288 des
849 4235 975 4288 Stoberus
993 4234 1029 4285 iet
1047 4233 1096 4284 mir
1115 4231 1202 4284 nicbts
1220 4233 1265 4285 be·

95 4325 186 4376 kannt.
265 4323 456 4389 2Pyrkaimar
481 4329 506 4376 2.
552 4323 732 4376 Pirckheimer
750 4324 871 4377 «Iohanni
898 4321 1046 4374 Renchliuo
1072 4324 1098 4370 4.
1171 4323 1186 4369 3
1213 4321 1266 4370 Der

84 4412 173 4491 brief,
184 4411 233 4471 eui
242 4410 293 4469 deu
306 4412 363 4470 bier
375 4411 483 4477 Pirckb.
496 4413 555 4474 sich
568 4411 680 4489 bauiebt
699 4416 733 4483 iet
746 4414 820 4473 nicht
832 4396 958 4472 erhnltem
1032 4415 1048 4470 4
1067 4409 1150 4466 simul
1163 4406 1267 4464 ostendi
