2716 4898
729 283 794 354 192

674 504 845 574 CLXVIII.

245 593 386 662 satam.
1088 601 1122 649 aa
1141 598 1209 667 aug.
1228 603 1289 653 usn.

173 699 343 776 Mutiano
365 698 481 797 Rufo,
508 674 683 799 Egregie·
696 699 931 776 Decretomm
956 700 1124 801 Ductori,
1147 704 1237 780 Viro
1257 705 1314 780 elo

173 825 411 924 quentissimo
434 836 470 896 et
494 822 613 897 amico
637 848 703 896 suo
732 823 971 921 amicissimo,
1000 824 1139 902 Gothae
1163 827 1200 904 S.
1223 829 1260 903 P.
1280 830 1313 904 D.
1351 904 1353 911 ,

260 989 364 1068 Quom
396 996 494 1056 autea
522 989 603 1057 nihil
631 996 735 1072 esset,
766 990 910 1057 Matiane
938 992 988 1058 vir
1010 994 1225 1078 ornatissime,
1248 996 1315 1082 quod
1351 984 1353 1015 ⁵

170 1092 249 1159 milri
272 1094 347 1179 plus
369 1095 402 1161 in
426 1101 554 1181 partem
573 1096 814 1183 jocundissima
836 1095 1011 1182 voluptatis
1027 1100 1174 1167 evenisse
1184 1102 1315 1186 judicari,

172 1221 271 1285 quum
295 1222 346 1267 me
370 1201 431 1268 abs
452 1209 495 1283 te,
518 1208 556 1269 ut
580 1223 654 1268 mea
676 1202 741 1268 fert
763 1200 881 1287 opinio,
902 1202 1112 1272 vehementer
1133 1206 1244 1288 amari,
1262 1214 1314 1274 tum

169 1304 232 1371 hoc
254 1312 401 1392 tempore
425 1308 602 1375 secundum
625 1308 767 1374 fatorum
789 1307 905 1374 seriem
928 1314 987 1375 tua
1010 1310 1089 1376 mihi
1112 1312 1313 1379 amicitiamn

170 1411 235 1476 erit
263 1413 362 1478 etiarn
385 1414 497 1480 utilius
521 1414 703 1500 quicquam,
726 1413 760 1478 id
782 1414 935 1493 maxime,
959 1415 1174 1503 quandoper
1196 1417 1313 1484 studim

170 1516 271 1584 totius
298 1525 414 1586 vestra
448 1520 632 1586 sodalitatis
661 1519 849 1585 literatorie
876 1520 909 1585 iu
931 1541 1001 1586 rem
1022 1542 1129 1587 meam
1153 1523 1314 1603 accesserit

170 1623 256 1707 quod
285 1631 319 1690 et
351 1626 501 1711 Petrejus
531 1625 761 1711 Aperbaechus
791 1632 825 1691 et
852 1626 1012 1692 Henricus
1042 1626 1197 1695 Urbanus
1221 1631 1232 1669 ¹
1257 1648 1313 1695 uun

168 1730 234 1797 tuis
257 1730 361 1797 literis
384 1731 589 1816 pollicentur,
613 1731 646 1796 in
670 1729 788 1816 quibus
810 1752 892 1796 unua
916 1737 949 1798 et
970 1731 1056 1798 idem
1072 1734 1314 1803 communialleo

169 1837 294 1919 gratia,
329 1837 472 1903 omnium
506 1844 651 1904 vestrum
682 1842 818 1903 conatus
854 1835 1037 1904 ostenditur
1072 1838 1226 1924 diligendi
1255 1838 1313 1905 mei

172 1940 266 2008 Unde
291 1942 484 2010 consolabor
506 1949 558 2011 tot
578 1943 725 2029 patronis
748 1942 880 2028 adjutus
902 1942 988 2028 qnod
1004 1944 1111 2012 animo
1135 1966 1199 2012 non
1220 1944 1314 2023 staca

169 2049 341 2131 quantovis
363 2048 397 2115 in
420 2054 560 2130 senecta,
585 2049 709 2114 vincum
732 2048 886 2133 quaelibet
907 2049 1052 2116 adversa
1097 2050 1146 2118 Ut
1167 2057 1217 2118 est
1231 2070 1313 2136 equor

168 2175 361 2237 generosus,
393 2155 455 2221 etsi
477 2156 520 2222 sit
542 2176 658 2235 senex,
682 2159 791 2220 tanmn
814 2154 847 2219 in
870 2154 965 2220 malis
986 2154 1131 2221 animum
1153 2176 1245 2223 sunm
1264 2176 1313 2221 nou

168 2258 288 2344 dejicit,
312 2260 399 2345 quod
423 2260 593 2328 Distiohon
608 2261 740 2327 Orestes
763 2260 795 2325 iu
813 2259 979 2344 Sophoclis
1002 2260 1136 2327 Electra
1151 2261 1286 2348 loquitur
1295 2259 1312 2325 '.

257 2366 307 2432 Tu
337 2389 423 2448 vero,
457 2373 613 2451 quantam
646 2364 823 2433 fenestram
855 2364 897 2430 ad
931 2364 1012 2433 bene
1035 2368 1232 2451 sperandum
1252 2365 1313 2432 mili

171 2472 376 2558 patefeceris,
401 2473 534 2539 credere
558 2470 611 2539 rix
633 2492 751 2558 queas3
775 2492 849 2538 cum
871 2471 1029 2557 promissa
1047 2473 1221 2550 justissimi
1241 2471 1313 2539 Prin

168 2579 249 2663 cipis
281 2578 420 2645 nostri³
448 2577 528 2665 (jam
556 2576 641 2644 enim
672 2578 772 2663 coepit
801 2574 879 2643 milri
907 2583 1014 2644 tecum
1043 2576 1113 2645 fore
1143 2576 1311 2654 communio)

166 2689 339 2769 tantopere
362 2685 440 2750 mihi
475 2690 632 2769 exoptata
663 2683 822 2750 recitaris.
868 2683 1004 2750 Fecerat
1029 2682 1119 2750 idem
1144 2683 1311 2769 Spoletium

165 2810 266 2870 meus,
295 2791 351 2875 qni
379 2790 530 2857 similiter
559 2789 723 2873 negotium
755 2789 856 2874 gessit
886 2789 929 2854 ad
950 2786 1182 2875 perficiendam
1205 2806 1310 2857 omnen

167 2895 365 2962 voluntatem
390 2917 506 2962 meam.
551 2896 623 2961 Non
647 2895 752 2961 deerit
776 2916 902 2981 quoque
919 2895 993 2960 Dux
1015 2916 1106 2962 meus
1122 2895 1146 2977 ⁴,
1169 2895 1218 2963 tui
1231 2891 1311 2961 Ducis

166 3000 389 3068 amicissimus.
435 3003 543 3082 Quare
567 3000 719 3086 deinceps
741 3022 805 3068 non
828 3000 1059 3083 solaveritate,
1082 3021 1241 3087 quaeum
1254 3000 1311 3066 hoo
1347 2954 1353 3045 i

166 3110 261 3171 tenus
288 3106 450 3188 defensus,
481 3128 594 3174 verum
622 3128 688 3174 una
718 3107 817 3174 etiam
840 3127 862 3173 a
882 3106 1115 3192 potentissimis
1139 3106 1310 3183 hominibus,

164 3211 220 3295 qui
251 3217 285 3278 et
309 3213 478 3281 veritatem
502 3219 614 3280 amant
637 3219 671 3280 et
694 3212 833 3280 oderunt
855 3212 1047 3293 calumnias,
1069 3211 1182 3280 favore
1205 3212 1309 3288 tuebor,

164 3315 192 3383 si
216 3338 408 3404 quacunque
431 3319 571 3386 audacia
594 3318 799 3404 Imperialem
820 3339 934 3403 pacem
956 3317 1116 3402 fregerint
1144 3312 1308 3386 adversarii

164 3423 320 3491 Omnibus
352 3425 437 3490 enim
475 3423 626 3511 partibus
660 3425 842 3509 Imperator
877 3444 991 3509 pacem
1028 3422 1199 3491 mandevit
1227 3418 1308 3507 expri-

162 3528 280 3597 mendo
304 3530 435 3597 nomina
457 3528 629 3597 ductorum
653 3530 740 3611 belli,
763 3534 802 3597 ut
823 3529 857 3595 in
871 3528 934 3596 hac
949 3528 1096 3596 charta⁵
1119 3530 1229 3598 ridere
1242 3529 1307 3603 licet

1345 2850 1353 2923 l

741 3677 759 3716 ’I

236 3785 247 3831 l
269 3780 320 3831 Die
332 3780 415 3833 bricia
434 3782 480 3835 dee
495 3781 613 3849 Potrejue
626 3783 680 3835 und
693 3780 798 3835 Urbane
810 3799 832 3835 e.
845 3799 868 3834 o.
881 3796 936 3834 nro.
950 3779 1057 3835 CLXVI
1069 3783 1124 3835 und
1135 3799 1191 3837 uro.
1204 3774 1307 3837 cuxlll

161 3865 203 3919 ein
223 3867 425 3937 gleichzeitiger
442 3872 639 3925 briefMutiaus
657 3874 693 3923 lst
710 3872 786 3924 nicht
808 3871 934 3923 erhalten.
970 3855 1044 3924 iiber
1061 3871 1105 3923 die
1125 3872 1240 3924 Erfnrtcr
1253 3864 1307 3919 rode-

161 3954 223 4007 Iitas
242 3958 277 4008 ist
298 3957 451 4024 gleichfslls
476 3961 523 4011 auf
539 3961 729 4028 Kampsohulte
752 3977 775 4012 a.
794 3976 817 4012 a.
839 3976 864 4012 o.
881 3974 913 4011 au
932 3961 1084 4012 vorweIsen.
1159 3965 1175 4012 2
1197 3961 1225 4012 V.
1243 3958 1306 4017 fiel·

162 4037 239 4114 ἅσπερ
251 4041 299 4114 γὰρ
312 4041 387 4105 ἵππος
400 4043 497 4117 εὐγενὴς
509 4046 554 4100 κᾶν
567 4042 583 4117 ᾖ
596 4046 673 4118 γέρων
686 4045 709 4099 ἐν
722 4051 786 4100 τοῖσι
801 4047 886 4108 δεινοῖς
903 4046 979 4118 θυμὸν
992 4043 1037 4099 οὐκ
1049 4043 1188 4101 ἀπώλεσεν.
1223 4050 1239 4099 t
1253 4043 1305 4095 Prin

161 4130 238 4200 cipis]
258 4131 393 4185 Friedrich
412 4133 458 4185 der
478 4136 566 4200 weisc,
584 4137 705 4188 kurflfrst
722 4153 774 4188 von
792 4136 917 4189 Sachsen.
991 4141 1008 4186 4
1028 4135 1100 4205 Dux]
1122 4137 1221 4204 herzog
1236 4125 1306 4186 Ulrlth

160 4219 427 4288 vonWlIrttomberg.
452 4223 482 4273 In
502 4223 616 4275 welcher
631 4225 710 4277 weise
723 4225 808 4277 dieser
827 4225 884 4277 sich
903 4225 946 4276 flfr
957 4225 1016 4278 sein
1032 4225 1162 4279 interesse
1175 4217 1306 4280 verwendoer

160 4306 232 4390 raige
254 4308 312 4360 sein
337 4308 409 4361 brief
428 4326 464 4360 au
490 4310 532 4361 die
551 4312 656 4364 Periser
673 4313 752 4364 theol.
772 4312 882 4365 facultflt
900 4328 961 4365 vom
983 4316 1014 4364 14
1030 4311 1097 4365 Juni
1119 4317 1187 4367 1514
1203 4330 1223 4367 a
1239 4316 1305 4364 mro

161 4379 268 4448 olibet
286 4395 358 4449 dieue
376 4399 451 4452 nieht
470 4398 604 4452 erhalteue
623 4401 741 4455 urkunde
760 4400 829 4456 oben
846 4417 905 4455 nro.
925 4400 1004 4457 CLX.
1022 4415 1045 4455 ι.
1061 4403 1121 4458 187.
1139 4420 1163 4461 ι.
1182 4407 1206 4457 I.
