2716 4898
648 293 713 359 201

97 480 355 550 Praedicstorum
376 483 410 548 in
426 478 622 550 Alamanniae
638 482 803 565 provincia
817 505 960 565 numero,
984 485 1040 570 qui
1055 506 1106 552 me
1121 485 1267 552 fraterna

96 586 281 669 charltpte,
315 610 413 675 quam
441 589 481 655 de
508 588 573 654 illis
605 589 698 672 longo
718 591 786 674 jam
810 597 967 675 tempore,
996 593 1059 657 imo
1083 589 1266 676 longissimo

97 698 133 758 et
167 693 307 760 consiliis
333 694 415 761 meis
448 700 482 760 et
512 694 641 760 auxiliis
668 696 804 761 meritus
833 717 903 761 sum
931 699 1170 781 prosequatur?
1215 697 1267 763 Sic

96 799 361 893 enimSocrates
389 801 476 884 apud
500 800 644 866 Platonis
668 802 822 865 Timaeum
850 802 959 886 ejulat.
1005 803 1048 866 Et
1070 802 1134 867 heu
1157 804 1266 887 prisca

94 901 197 971 fidesl
241 906 344 972 Nemo
376 905 523 972 herculei
569 905 680 971 Nemo.
726 907 829 990 Magis
868 913 978 972 autem
1011 912 1165 993 quassato
1195 909 1264 993 jam

94 1007 128 1072 in
160 1012 286 1078 tertium
309 1012 389 1077 mihi
411 1034 531 1078 annum
555 1016 588 1077 et
611 1033 631 1077 a
654 1011 836 1078 latronibus
858 1012 1027 1078 vulnerato
1043 1034 1107 1079 nou
1124 1019 1182 1093 est,
1211 1014 1266 1098 qui

96 1133 195 1196 opem
225 1118 328 1198 ferat,
360 1139 426 1183 non
450 1124 516 1198 est,
552 1118 606 1203 qui
630 1118 795 1197 consulat,
829 1140 933 1204 nsque
957 1118 1133 1199 Sacerdos,
1158 1141 1264 1204 neque

96 1216 224 1304 Levita,
247 1223 497 1308 praedicatorum
521 1223 706 1308 prasertim
730 1244 851 1304 eorum,
882 1227 914 1289 in
938 1246 1020 1310 quos
1045 1230 1094 1291 tot
1117 1230 1151 1290 et
1172 1230 1267 1291 tanta

97 1320 260 1396 beneficia
275 1330 406 1410 contuli,
423 1336 461 1395 ut
476 1329 533 1396 illa
548 1330 614 1396 suis
630 1330 735 1396 literis
752 1335 950 1396 attestentur
964 1333 983 1410 ¹,
1000 1332 1080 1397 satis
1096 1332 1269 1397 enunciare

95 1447 170 1499 non
189 1457 292 1520 posse.
338 1437 453 1501 Denuo
482 1435 716 1516 Samaritanus,
748 1435 782 1500 id
817 1442 880 1516 est,
915 1437 1090 1501 secundum
1115 1437 1268 1522 etymolo-

93 1534 185 1612 giam
215 1563 323 1622 suam,
347 1541 537 1607 observator
561 1540 709 1626 quidam,
733 1541 862 1624 elegans
886 1541 1041 1621 Scotista,
1064 1543 1096 1606 in
1120 1548 1267 1626 tempore

94 1648 270 1726 succurrit,
294 1647 512 1730 evangelicam
536 1647 713 1713 observans
736 1647 890 1729 regulam,
914 1652 951 1711 ut
973 1647 1055 1711 asini
1086 1647 1266 1730 proximum

92 1759 145 1814 ex
166 1759 261 1836 puteo
294 1752 417 1838 absque
445 1758 637 1818 nocumento
668 1753 823 1818 traheret.
869 1753 911 1816 Et
933 1751 1042 1817 subito
1066 1753 1168 1832 Deus,
1193 1774 1267 1818 ecce

92 1843 205 1923 Deus!
233 1859 266 1922 in
294 1879 346 1923 me
369 1879 509 1943 namque
534 1857 843 1942 comprehendendo,
867 1857 1098 1941 praedicatores
1121 1859 1169 1923 ita
1191 1865 1268 1925 sunt

89 1965 275 2045 excecati,
302 1970 341 2030 ut
363 1984 422 2029 nec
446 1965 654 2048 Evangelium
676 1964 886 2048 professionis
910 1985 976 2029 suae
999 1964 1178 2044 imitantes,
1208 1987 1268 2031 nec

93 2070 248 2136 ecclesia
282 2091 438 2149 canones,
473 2091 578 2155 neque
610 2070 756 2150 modurn,
790 2091 896 2156 neque
927 2069 1119 2135 modestiam
1149 2071 1267 2136 norint.

88 2160 223 2260 Rogavi
246 2196 386 2261 namque
404 2176 575 2242 Dominum
598 2177 631 2241 in
647 2176 777 2242 Dothan
801 2180 835 2240 et
851 2175 933 2240 dixi:
957 2181 1101 2258 percute,
1125 2176 1268 2256 obsecro,

86 2263 185 2348 hanc
211 2287 340 2367 gentem
363 2284 526 2363 caecitate,
549 2282 774 2367 percussitque
799 2283 855 2347 eos
879 2281 1035 2347 Dominus
1058 2302 1098 2346 ne
1122 2282 1270 2349 riderent

86 2391 134 2454 st
156 2410 196 2454 ne
220 2394 434 2472 agnoscerent
456 2389 541 2454 uiam
558 2388 579 2453 ⁹.
610 2440 611 2443 η

190 2495 285 2574 Quod
315 2495 386 2560 luce
417 2495 537 2561 clarius
566 2492 735 2578 intelliges.
789 2493 872 2557 Nam
906 2499 945 2558 17
976 2492 1040 2556 kal.
1076 2491 1270 2557 Octobres³

86 2592 246 2668 Jacobus
271 2600 499 2680 Hochstrateu,
533 2601 624 2685 prior
647 2598 846 2666 Coloniensis
870 2597 1131 2675 Praedicatorum,
1155 2597 1210 2682 qui
1234 2618 1269 2661 se

84 2708 248 2774 nominat
276 2707 500 2792 inquisitorem
530 2706 704 2791 provinciae
735 2705 931 2787 Moguntinae
947 2704 975 2782 ⁴,
1006 2725 1078 2769 cum
1109 2708 1218 2767 tamen
1241 2702 1269 2767 is

82 2825 205 2900 nequo
235 2813 277 2879 sit
305 2834 410 2898 neque
439 2834 511 2878 esse
542 2814 648 2897 possit
674 2834 715 2877 ex
745 2811 866 2877 ordinis
899 2812 949 2876 sui
972 2809 1268 2886 constitutionibus,

84 2922 189 2986 misit
221 2920 264 2984 ad
296 2940 347 2984 me
382 2919 578 3002 scripturam
611 2917 772 3001 privatam
806 2923 840 2984 et
868 2939 930 2983 non
955 2915 1185 2995 authenticam,
1209 2937 1269 2981 nec

84 3023 169 3113 ipse
193 3026 331 3091 nuncius
355 3025 396 3091 de
420 3025 643 3089 commissione
667 3044 726 3088 sua
742 3022 839 3089 fidem
863 3023 1003 3102 fecerat,
1027 3044 1092 3107 qua
1115 3043 1166 3087 me
1190 3022 1269 3086 cita-

86 3135 160 3213 vit,
184 3137 224 3197 ut
254 3152 357 3197 essem
381 3130 555 3214 Moguntiae
578 3134 653 3213 post
676 3149 787 3194 earum
811 3129 996 3195 litterarum
1020 3129 1270 3194 insinuationem

88 3244 194 3306 sexta
227 3236 296 3315 die,
330 3236 412 3302 hora
444 3256 538 3301 mane
570 3242 704 3315 octava,
737 3240 776 3301 ut
804 3235 947 3301 viderem
983 3240 1097 3300 contra
1126 3234 1270 3299 libellum

88 3365 208 3410 meum
233 3343 363 3408 oculare
388 3341 553 3426 speculum
576 3342 709 3424 procedi
733 3342 877 3425 rigoroso
901 3347 939 3406 ut
961 3341 1030 3423 ipse
1054 3338 1174 3424 ajebat,
1197 3361 1271 3422 pro-

93 3472 205 3529 cessu,
229 3448 356 3514 nemine
380 3452 565 3526 accusante,
589 3446 676 3512 nullo
701 3447 866 3512 deferente
891 3450 948 3510 aut
964 3444 1188 3522 denunciante,
1213 3444 1270 3509 sed

95 3578 140 3623 cx
173 3555 247 3622 sola
281 3555 467 3621 temeritate
502 3573 562 3619 sua
585 3574 624 3618 ac
659 3553 819 3636 snperbia.
872 3551 946 3616 Jarn
970 3549 1071 3613 sentis
1094 3547 1268 3613 volandum

679 3699 697 3737 a

98 3817 196 3869 abesse
221 3814 310 3877 (1⁰l00‚
337 3820 365 3862 Ui
390 3827 459 3877 aegfe
478 3811 562 3862 literis
585 3807 663 3871 etium
689 3820 807 3885 colloqui
833 3819 919 3870 liceat.
962 3818 1087 3886 (Ricgger
1112 3833 1207 3869 amoen.
1232 3817 1271 3869 lit.

99 3905 223 3970 l'riburg.
243 3903 269 3952 ll
289 3919 308 3952 s.
330 3904 402 3965 377.)
966 3897 975 3908 ·

175 4007 186 4052 l
208 4001 270 4067 Vgl.
296 3999 362 4050 oben
391 3998 433 4048 die
459 3997 542 4048 briefe
565 4015 619 4049 nro.
638 3997 800 4049 LXXXVIll
819 3999 845 4047 ff.
919 4002 932 4046 2
956 3996 1015 4062 Vgl.
1034 3999 1058 4046 1.
1079 3997 1145 4046 Mos.
1169 3997 1207 4056 16,
1231 3997 1271 4045 14.

100 4095 115 4142 3
135 4089 211 4141 Nach
226 4088 277 4139 don
288 4088 366 4137 akten
381 4088 416 4138 ist
427 4086 499 4137 diosc
509 4086 738 4152 zcitbestimmung
751 4086 825 4136 nicht
844 4085 948 4150 richtig,
962 4083 1138 4134 Hoclrstraten
1153 4082 1272 4132 schicktc

100 4179 150 4230 den
177 4177 251 4229 brief
275 4192 317 4226 sm
342 4179 370 4238 9,
399 4175 528 4226 Reuchlin
555 4175 633 4225 sollte
658 4192 698 4225 am
728 4178 758 4225 15
780 4176 850 4241 Sept.
873 4175 1024 4224 erscheinen
1048 4189 1069 4222 s.
1089 4188 1114 4223 n.
1141 4170 1273 4222 cnxxlr.

100 4268 170 4318 rso
192 4272 274 4316 nennt
293 4266 351 4316 sich
370 4265 546 4315 Hocbstraten
574 4264 662 4326 nicht,
693 4264 804 4314 sondern
824 4263 964 4328 inquisitor
983 4259 1161 4321 Coloniensis,
1179 4259 1272 4309 voleus

97 4355 308 4419 jurisdictionem
329 4370 402 4408 snam
417 4392 422 4408 .
437 4390 443 4406 .
460 4354 486 4404 in
512 4354 668 4426 moguntina
694 4354 829 4423 provincia
851 4366 1007 4404 exercerc..
1030 4352 1095 4399 Acta
1110 4348 1273 4415 judiciorum

85 4445 124 4498 ·Δ
142 4445 186 4497 iis.
219 4472 222 4478 ·
