2716 4898
633 304 699 372 255

76 479 283 548 illustrasse.¹
324 481 497 549 Camillum
518 481 667 566 profecto
692 483 834 551 omnium
849 483 1012 550 sententia
1034 484 1066 550 in
1083 482 1257 551 Germania

76 588 203 667 refers,
227 594 284 668 tu,
317 589 373 672 qui
411 588 513 654 bonas
545 587 659 655 literas
695 589 851 655 cadentes
886 596 919 654 et
954 596 1191 655 marcescentes
1222 590 1256 655 in

72 693 254 776 pristinum
277 694 415 758 nitorem
439 692 619 759 sustuleris.
667 695 762 761 Solus
785 694 935 759 omnibus
952 693 1123 759 Germanis
1139 694 1258 778 ingenii

72 797 179 864 decus
218 805 253 864 et
284 799 420 882 gloriam
452 798 605 882 praefers,
640 799 728 866 solus
761 799 968 866 Germaniam
1000 798 1106 864 literis
1138 798 1259 882 ubique

72 904 228 987 gentium
251 924 357 969 ornas.
402 903 519 988 Itaque
542 925 660 987 magna
682 905 744 970 tibi
773 905 872 971 debet
894 904 1088 983 Germania,
1112 903 1168 988 qui
1189 904 1259 968 uni·

72 1031 155 1075 cum
179 1010 373 1092 germanicae
397 1009 528 1075 virtutis
552 1011 596 1075 sis
611 1017 865 1076 monumentum.
913 1010 1030 1075 Merito
1058 1009 1157 1092 igitur
1180 1007 1259 1073 Ger·

72 1117 167 1181 mani
192 1121 269 1180 tuas
292 1114 464 1198 deplorant
494 1115 719 1182 adversitates.
767 1116 969 1203 Aequissima
995 1116 1070 1199 jure
1101 1112 1257 1179 adversus

72 1227 177 1287 tuum
199 1221 436 1304 nequissimum
458 1220 600 1300 hostem,
632 1221 682 1285 tui
706 1242 806 1287 eausa
833 1221 953 1286 inirent
976 1218 1257 1303 sanguinolentum

72 1326 249 1410 praelium,
279 1325 366 1409 quod
396 1326 424 1391 is
454 1325 583 1391 infamis
606 1325 776 1406 famicida,
805 1325 889 1410 juris
913 1332 947 1391 et
978 1324 1142 1409 aequitstis
1165 1330 1260 1391 atrox

72 1430 330 1516 praevaricator,
363 1437 455 1497 tuam
478 1430 696 1497 venerandam
728 1436 943 1510 senectutem,
982 1429 1103 1496 famam
1139 1450 1255 1513 puram

72 1534 366 1620 praeclarissimam
395 1535 577 1602 doctrinam
609 1536 845 1616 calumniatur,
880 1536 1019 1615 lacerat,
1058 1535 1258 1619 etpedibus

74 1641 226 1709 subdere
242 1641 367 1706 nititur.
399 1641 531 1707 Utinam
546 1644 612 1706 ima
628 1642 725 1708 tellus
742 1642 896 1720 dehiscat,
913 1646 947 1705 et
961 1640 1098 1705 tinctum
1109 1639 1258 1705 Judaeum

77 1747 237 1826 devoret,
274 1751 374 1831 atque
413 1747 512 1812 etiam
549 1754 655 1813 atram
695 1746 1044 1831 pseudotheologorum
1084 1744 1187 1810 aciem
1223 1750 1258 1809 et

81 1872 303 1919 aerumnosam
320 1852 572 1918 fraterculorum
595 1854 851 1931 conventionem,
876 1851 963 1936 quod
978 1850 1092 1916 inutile
1109 1850 1257 1933 ignarum

82 1966 187 2043 atque
211 1958 450 2024 atrocissimum
473 1980 573 2042 genus
596 1959 770 2037 hominum,
794 1956 960 2023 crudelem
984 1963 1078 2022 tuum
1101 1955 1255 2021 calumni-

84 2070 215 2130 atorem
237 2063 341 2142 fovet,
373 2062 529 2128 adversus
557 2069 590 2128 te
620 2063 830 2147 injustissime
854 2062 1004 2129 subsidia
1033 2063 1063 2127 ei
1085 2062 1258 2141 ministrat,

84 2175 123 2234 ut
146 2168 191 2234 ob
214 2168 368 2233 virtutem
385 2168 591 2252 oppugnaris,
616 2168 702 2252 quod
717 2170 846 2252 penitus
870 2188 979 2233 meum
1005 2189 1061 2234 cor
1083 2167 1257 2233 exulcerat.

87 2273 150 2340 Sed
175 2273 275 2339 latius
300 2293 399 2357 quam
422 2273 567 2356 epistolae
596 2274 710 2338 modus
732 2274 838 2358 poscit
862 2278 1016 2356 evagatus
1043 2294 1123 2337 sum.
1149 2273 1197 2336 Tu
1213 2271 1255 2336 ob

87 2377 287 2464 singularem
311 2400 374 2463 quo
407 2385 440 2443 te
468 2399 649 2462 prosequor
672 2399 833 2457 amorem,
864 2385 1009 2443 nostram
1033 2376 1257 2462 garrulitatem

86 2505 179 2569 aquo
205 2483 292 2549 feras
315 2485 437 2562 auimo,
468 2491 501 2548 et
524 2483 622 2548 animi
654 2482 825 2549 affectibus
850 2489 1005 2565 tempera.
1052 2483 1140 2547 Deus
1168 2479 1258 2546 solus

82 2590 186 2674 judex
211 2609 325 2674 aequus
349 2609 387 2654 eo
410 2594 534 2668 vertet,
566 2596 605 2654 ut
627 2589 764 2673 injustos
793 2594 857 2654 tuae
888 2587 1005 2653 nobilis
1027 2586 1120 2651 famae
1148 2585 1258 2651 hostes

89 2694 242 2761 devincas
266 2694 354 2780 quod
379 2695 478 2760 etiam
500 2701 600 2779 atque
617 2694 714 2759 etiam
730 2694 791 2760 tibi
814 2713 938 2776 precor.

176 2801 248 2865 Hoc
273 2821 372 2865 unum
395 2806 428 2865 te
451 2800 576 2865 nescire
606 2799 688 2864 nolo.
735 2800 795 2864 Tui
826 2798 958 2864 honoris
985 2797 1126 2882 lupum¹
1157 2816 1257 2863 novas

88 2906 250 2991 quasdam
282 2906 422 2989 ineptias
455 2906 573 2990 quibus
606 2912 697 2970 tuam
731 2904 850 2969 famam
881 2904 1016 2970 demetit
1047 2904 1257 2988 congessisse,

87 3032 169 3096 quas
193 3010 424 3094 Archipraesuli
448 3011 695 3094 Moguntinensi,
726 3010 1024 3094 Mademburgensi,
1054 3009 1260 3076 Halberstat·

87 3117 170 3183 tensi
199 3116 291 3182 etc.²
331 3135 423 3200 aeque
454 3117 579 3199 potenti
611 3124 711 3200 atque
738 3117 828 3200 justo
860 3117 1097 3200 archeprincipi
1129 3115 1258 3181 domino

87 3243 157 3289 meo
194 3221 445 3287 clementissimo
476 3222 606 3287 dicavit.
654 3222 794 3306 Sperans
820 3243 858 3287 eo
894 3229 927 3288 et
959 3222 1070 3287 odium
1102 3221 1258 3305 principis

88 3328 146 3394 tibi
171 3329 404 3406 excitaturum,
440 3333 473 3393 et
505 3327 687 3393 subsidium
710 3327 752 3393 ab
775 3328 895 3393 illustri
927 3349 986 3393 sua
1014 3327 1120 3411 gratia
1144 3348 1178 3391 se
1201 3325 1260 3392 ad·

88 3453 199 3500 sersus
233 3439 267 3498 te
298 3434 557 3516 impetraturum.
614 3433 754 3498 Aderam
793 3432 928 3498 fortuito
962 3454 1034 3498 oum
1066 3432 1121 3497 ille
1153 3430 1258 3496 futilis

88 3536 217 3606 libellus
241 3538 459 3604 detractorius
482 3537 655 3603 afferretur
678 3539 830 3622 principi,
854 3544 887 3602 et
910 3559 975 3603 uua
998 3557 1072 3602 cum
1095 3536 1257 3602 nonnullis

87 3645 290 3711 eruditorum
314 3642 538 3710 defensoribus
562 3645 757 3709 sententiam
780 3643 976 3726 interposui,
1000 3642 1082 3707 adeo
1106 3647 1144 3707 ut
1167 3642 1258 3708 Prin·

86 3769 162 3837 ceps
186 3770 248 3815 nec
270 3748 399 3835 librum,
424 3749 452 3814 si
475 3771 540 3835 qua
563 3749 684 3836 alioqui
707 3749 869 3815 decuisset
892 3749 1012 3833 gratia,
1036 3747 1200 3833 acceperit
1224 3752 1257 3814 et

82 3851 227 3925 latorem
249 3853 432 3921 inauditum
455 3855 733 3940 insalutatumque
757 3854 904 3938 abegerit
920 3854 942 3921 ³.

669 3967 687 4007 lt

160 4064 172 4112 1
196 4055 297 4128 Lupus]
317 4056 480 4111 Pfefferlrorn
503 4056 626 4126 ineptias]
646 4056 765 4108 defensio
792 4065 884 4109 contra
906 4058 1036 4124 famosas,
1055 4056 1108 4126 vgl.
1127 4055 1257 4109 Reuchlin

78 4162 102 4203 ι.
123 4152 180 4200 378
201 4149 229 4199 ff.
304 4153 318 4198 2
340 4148 465 4199 sibrecht
484 4161 535 4198 von
556 4146 651 4197 Mainz.
725 4147 861 4198 3Huttsn
882 4163 915 4198 an
935 4147 1042 4199 Nuensr
1062 4151 1076 4197 3
1098 4149 1160 4213 Apr.
1183 4148 1262 4208 1518,

77 4239 124 4289 cd.
146 4236 273 4302 Bboking
290 4234 315 4298 1,
340 4252 361 4285 s.
391 4236 439 4286 168
466 4235 567 4285 erzlthlt
587 4236 629 4285 die
648 4234 728 4285 sacha
746 4242 828 4285 etwas
852 4235 954 4288 anders.
993 4235 1102 4288 Danach
1122 4236 1196 4285 hatte
1215 4233 1262 4285 dur

77 4325 242 4377 arabiscbof
256 4322 299 4373 die
317 4323 371 4372 ihm
391 4337 441 4373 ron
457 4324 571 4374 Stromer
589 4323 753 4374 liberreichts
772 4323 862 4375 sobril·
885 4340 955 4375 suar
973 4325 1089 4391 gelesen,
1109 4323 1173 4376 aber
1191 4322 1262 4374 nach

78 4413 143 4467 dem
164 4413 239 4465 lesen
253 4413 302 4462 mit
315 4412 364 4462 den
379 4419 476 4462 worton
492 4413 547 4476 ,sic
566 4418 673 4479 pereant
689 4412 732 4476 qui
746 4414 785 4462 sic
803 4413 960 4478 loquuntur-‘⁴
982 4415 1023 4465 ins
1036 4415 1107 4464 seuer
1120 4414 1262 4482 geworlen.
