2716 4898
659 274 724 344 156

99 461 270 548 collegium
291 459 551 531 doctissimorum
572 463 793 549 theologorum
816 462 1042 548 recalcitrare,
1064 448 1258 552 potissimum

99 567 134 633 in
168 568 209 634 iis
241 590 312 654 qun
347 574 423 635 sunt
449 569 637 656 theologica
668 568 873 651 subtilitatis,
904 576 939 637 et
966 571 1131 640 excedunt
1152 573 1259 643 limites

101 672 268 740 facultatis
291 697 380 741 mea.
679 663 684 672 ⁴

189 779 312 846 Iccirco
344 781 377 847 in
411 781 659 850 mausuetudine
687 782 814 867 suscepi
848 781 999 863 uerbum,
1028 781 1120 868 quod
1150 782 1193 850 ad
1215 805 1258 851 me

98 906 202 969 nuper
236 886 437 971 scripserunt
467 889 636 955 reuerendi
673 893 786 973 patres
821 887 885 952 mei
917 886 1171 954 contubernales
1207 888 1256 969 tui,

99 992 302 1076 suspicantes
325 1013 376 1058 me
401 994 548 1061 omnibus
572 994 694 1060 viribus
716 992 885 1071 adnixum,
908 996 1071 1082 quatenus
1098 993 1256 1078 negocium

97 1095 256 1163 librorum
280 1097 500 1181 ludaicorum,
522 1099 732 1167 laudabiliter
760 1119 820 1183 per
849 1098 1031 1164 cesaream
1061 1098 1255 1184 Majestatem

99 1207 251 1286 coeptum,
274 1202 531 1272 interventorem.
576 1207 644 1291 Ego
660 1225 737 1272 uero
760 1224 864 1288 neque
888 1203 1253 1290 ex¹literis1mperia·

98 1305 185 1373 libus
214 1327 319 1392 neque
348 1310 591 1397 Arcbiepiscopi
618 1310 778 1396 conjicere
810 1307 910 1388 valui,
945 1307 1023 1393 quid
1055 1308 1197 1376 finaliter
1222 1310 1255 1376 de

97 1411 139 1478 iis
162 1419 303 1498 eoeptum
328 1414 435 1497 fuerit,
458 1423 516 1484 aut
543 1417 766 1497 constitutum,
789 1435 849 1480 nec
875 1413 971 1479 hodie
999 1413 1077 1479 scio.
1124 1415 1159 1482 Si
1181 1417 1252 1481 enim

99 1523 241 1603 coeptum
265 1518 337 1600 fuit,
359 1527 398 1588 ut
420 1542 531 1590 omnes
556 1521 768 1589 Hebraeorum
791 1518 866 1585 libri
888 1524 1124 1600 cremarentur,
1147 1526 1252 1606 prater

98 1624 248 1706 Bibliam,
273 1630 399 1692 certum
422 1632 481 1708 est,
500 1628 593 1712 ,quod
608 1627 670 1693 fuit
691 1627 858 1711 injustum,
881 1623 979 1690 etiam
1003 1645 1043 1690 ex
1059 1626 1178 1693 uestris
1192 1646 1250 1692 con

97 1729 189 1811 siliis,
223 1736 256 1796 et
290 1730 427 1798 aliarum
450 1733 698 1798 universitatum
714 1732 741 1813 ¹,
773 1751 845 1816 quae
874 1751 957 1796 nunc
981 1749 1109 1796 mecum
1140 1730 1248 1812 habeo;

98 1836 147 1902 siu
170 1841 290 1915 autem,
313 1836 401 1921 quod
424 1857 535 1903 omnes
564 1837 658 1903 illaesi
681 1840 865 1916 manerent,
888 1835 1036 1901 similiter
1061 1841 1187 1903 certum
1211 1843 1249 1902 est

98 1939 186 2027 quod
208 1940 271 2006 fnit
293 1940 456 2025 injustum.
503 1941 669 2021 Quomodo
693 1962 769 2026 ergo
792 1940 1004 2007 intervertere
1020 1941 1167 2008 conabar
1181 1962 1249 2026 cup·

98 2049 169 2112 tum
191 2045 358 2129 negocium
382 2047 469 2132 quod
492 2047 681 2132 ignorabam
704 2046 845 2132 qualiter
866 2051 1016 2131 coeptum,
1040 2067 1115 2112 cum
1140 2068 1179 2112 ex
1192 2046 1247 2113 sola

97 2151 247 2219 veritatis
271 2152 478 2236 simplicitate
501 2153 580 2219 nihil
604 2152 727 2218 sinistri
758 2152 902 2237 cogitans
930 2151 973 2216 ad
1004 2148 1112 2236 ignem
1141 2152 1248 2238 judico

96 2276 207 2324 ueram
231 2263 370 2342 quatuor
393 2277 512 2341 genera
534 2258 707 2338 librorum,
734 2257 839 2342 primo
862 2257 1088 2342 blasphemiae,
1122 2257 1247 2325 secundo

98 2361 241 2443 haeresis,
266 2361 364 2428 tertio
380 2362 513 2445 famosa,
529 2369 647 2449 quarto
662 2362 844 2447 reprobatae
860 2362 1016 2429 lectionis.
1063 2364 1111 2430 De
1129 2361 1246 2449 reliquis

97 2488 202 2553 neque
226 2488 366 2534 canones
389 2467 489 2534 habui
512 2488 616 2553 neque
640 2467 737 2552 leges.

186 2572 251 2640 Sed
274 2574 361 2657 quod
383 2595 435 2638 me
458 2572 646 2640 insimulant
666 2572 815 2639 fautorise
833 2571 971 2656 judaica
994 2571 1140 2657 perfidiae
1155 2578 1249 2639 notam

96 2676 285 2759 incurrisse,
318 2699 381 2745 nou
410 2679 583 2759 assentior,
611 2683 646 2744 et
672 2699 747 2742 uere
772 2699 843 2743 cum
867 2677 986 2743 Sancto
1010 2677 1249 2765 Hieronymoin

96 2783 254 2868 Apologia
276 2804 374 2868 super
397 2782 558 2850 schedulis
582 2783 624 2848 ad
638 2781 919 2853 ‚Pammachiuml
942 2787 975 2848 et
991 2782 1158 2849 Oceanum
1180 2803 1250 2850 asse

95 2909 168 2954 rere
184 2909 325 2972 possum,
347 2889 499 2955 testando
516 2889 611 2954 deum
635 2893 668 2953 et
691 2888 815 2956 dicere:
848 2888 901 2969 „Si
924 2888 1056 2973 expedit
1080 2888 1185 2956 odisse
1206 2888 1249 2952 bo

95 2993 199 3060 mines
222 2999 256 3058 et
278 2998 391 3076 gentes
413 2992 539 3079 aliquas
562 2995 730 3075 detestari,
754 2994 836 3061 miro
859 2993 934 3060 odio
957 3014 1091 3061 aversor
1114 2992 1251 3060 cncunci·

98 3098 221 3163 sionem
248 3104 283 3163 et
309 3097 443 3183 objiciat
474 3099 553 3165 mibi
570 3094 736 3185 'quispiam
767 3122 824 3167 cur
852 3099 1013 3165 hominem
1037 3099 1186 3165 Judaeum
1206 3098 1251 3161 ba

99 3202 225 3269 buerim
259 3208 524 3289 preceptorem.
582 3207 659 3271 Haee
696 3204 760 3269 ille.
820 3204 947 3270 Nullius
985 3207 1097 3270 autem
1132 3200 1252 3270 rationis

100 3328 172 3394 que
200 3308 260 3375 sub
288 3309 366 3375 caelo
395 3315 447 3376 est
473 3308 644 3393 perfidiam
673 3330 724 3375 me
757 3309 877 3391 fovere,
906 3311 1000 3377 testis
1031 3315 1083 3376 est
1105 3310 1173 3376 vita
1194 3326 1253 3374 mea

100 3437 198 3500 quam
221 3415 304 3481 duco
326 3414 654 3499 irreprehensibilem.

187 3520 281 3599 Quod
296 3524 407 3586 autem
422 3519 597 3586 uernacula
611 3521 721 3605 lingua
736 3522 859 3605 scripsi,
876 3541 954 3587 sane
970 3520 1117 3604 oportuit
1129 3521 1256 3606 quidem

96 3622 180 3687 Nam
209 3631 242 3691 et
275 3625 384 3692 Caesar
414 3632 447 3691 et
470 3625 753 3710 Archiepiscopus‚
783 3626 900 3711 quibus
932 3625 1020 3691 solus
1044 3626 1174 3710 scripsi,
1196 3646 1259 3691 uer·

98 3727 216 3793 nacula
237 3750 363 3796 mecum
389 3735 537 3814 egerunt,
570 3735 607 3796 ut
633 3732 667 3796 in
694 3732 917 3798 commissione
940 3730 1096 3797 mandato
1128 3738 1163 3797 et
1189 3748 1260 3816 pra»

96 3837 192 3916 cepto
214 3833 324 3899 uidere
348 3834 462 3902 licebit
477 3835 499 3900 ⁴.
547 3835 641 3913 Quod
665 3836 743 3902 item
767 3838 809 3903 ad
840 3834 1028 3902 scandalum
1051 3837 1181 3915 attinet,
1203 3854 1259 3901 non

676 3956 694 3996 *

168 4048 180 4093 1
200 4043 256 4095 Nec
275 4058 308 4093 ex
327 4047 352 4094 3.
424 4048 439 4092 2
459 4043 585 4095 Consiliis
605 4047 699 4096 vestris
720 4050 746 4108 2,
766 4045 833 4094 sliar
850 4043 932 4111 unia]
953 4043 999 4094 der
1016 4045 1139 4096 Msiuuer
1165 4047 1262 4096 univer-

93 4128 381 4197 strategematum
405 4145 426 4180 s.
452 4134 504 4182 2³6
524 4132 561 4196 ig.
633 4133 697 4182 eIr
723 4131 769 4182 der
788 4148 835 4198 pro
854 4131 929 4181 libris
949 4131 1075 4181 advorsus
1095 4132 1263 4183 Jovinisnnm

93 4216 128 4268 ad
146 4216 344 4270 Pammachium
364 4217 501 4283 apologia,
519 4216 587 4284 Opp.
608 4220 648 4270 sd.
668 4219 793 4269 Erasmus
813 4220 860 4283 111,
879 4219 913 4268 46
932 4219 958 4267 ff.
978 4218 1062 4268 findet
1082 4220 1142 4271 sich
1162 4220 1202 4270 dis
1222 4235 1262 4269 su·

93 4304 216 4372 gsidhrts
242 4304 319 4357 stelle
345 4303 427 4361 nicht.
501 4304 614 4361 40ben
641 4309 674 4359 26
701 4306 767 4371 Juli,
789 4310 819 4356 lt
840 4308 907 4377 Aug.
931 4304 1012 4370 1510,
1040 4321 1099 4359 uro.
1122 4307 1195 4361 CXX
1214 4304 1264 4360 und

96 4390 191 4452 cut
