2716 4898
652 264 714 331 151

94 451 195 521 simul
218 457 253 519 et
274 453 494 522 amantissime
521 475 587 522 una
610 475 682 522 cum
712 455 862 541 apologia
892 460 951 524 tua
975 463 1091 525 contra
1118 459 1267 528 Judreum

96 557 300 642 baptizatum
334 558 634 643 Gapniomasticem.
681 560 812 629 Gratias
845 561 905 628 tibi
936 567 969 628 11
998 559 1106 630 habeo
1141 570 1176 631 11
1206 576 1267 650 ago

94 660 298 730 immortales
329 668 363 729 et
389 685 448 749 pro
470 664 579 732 libello
609 666 690 732 mihi
711 665 809 734 misso
833 671 867 733 et
887 686 948 751 pro
971 666 1144 751 signaculis
1166 668 1266 738 adno-

95 769 184 834 tatis.
236 769 280 834 Et
311 790 385 835 vere
412 769 550 836 dixerim
578 771 752 855 signacula.
804 770 886 838 Sunt
915 769 1000 838 enim
1029 771 1109 838 mihi
1139 774 1267 858 signata

95 894 232 958 prorsus
258 872 449 941 abscondita
484 881 518 941 et
549 875 710 943 abstrusa
759 874 920 944 Laboravi
947 875 1084 943 multum
1118 899 1267 963 quarens

96 984 131 1045 et
156 979 285 1063 legens,
313 984 347 1046 et
375 978 450 1046 ideo
479 979 610 1067 quidem
640 979 797 1047 hactenus
824 980 866 1046 ad
899 985 932 1047 te
956 980 1099 1047 scribere
1120 989 1266 1051 moratus

95 1105 182 1164 sum,
216 1084 276 1151 sed
303 1084 356 1150 vix
384 1106 483 1153 unum
510 1091 569 1153 aut
599 1085 738 1152 alterum
769 1087 897 1170 aperire
930 1086 1022 1170 potui
1054 1086 1264 1170 signaculum,

95 1188 191 1254 labor
218 1194 328 1256 11111111
355 1191 417 1256 iste
448 1210 512 1256 non
538 1190 685 1267 tedium,
718 1190 776 1256 sed
805 1190 994 1259 aviditatem
1017 1191 1162 1258 incussit
1208 1190 1263 1259 Fit

95 1295 181 1360 enim
216 1294 425 1380 plerumque,
459 1302 497 1362 ut
531 1294 619 1382 quod
652 1294 847 1363 laboriosius
877 1295 1072 1381 acquiritur,
1104 1295 1138 1362 id
1167 1297 1265 1364 etiam

95 1399 228 1466 charius
251 1398 426 1482 habeatur,
456 1407 490 1468 et
512 1400 600 1486 quod
623 1401 748 1485 longius
771 1400 931 1482 differtur,
955 1400 1088 1467 tandem
1109 1400 1265 1486 adeptum

94 1511 254 1589 appareat
277 1505 410 1573 dulcius.
455 1507 577 1575 Facilia
599 1507 682 1573 enim
708 1528 918 1592 quacumque
938 1507 1118 1572 contemtui
1139 1512 1263 1590 patent.

95 1611 236 1676 Tantum
264 1611 375 1696 itaque
403 1611 574 1680 inardesco
604 1611 648 1677 ad
674 1612 911 1696 signaculorum
940 1612 1203 1696 resignationem,
1226 1616 1265 1678 ut

94 1716 197 1800 magis
221 1736 285 1781 non
308 1717 439 1800 possim.
485 1716 549 1784 Sed
571 1739 630 1783 nec
653 1735 797 1804 unquam
819 1739 892 1784 meo
915 1717 949 1783 id
971 1715 1080 1783 studio
1109 1715 1265 1801 consequi

94 1841 191 1905 posse
217 1821 424 1904 speraverim.
470 1822 555 1901 Quid
578 1842 654 1907 ergo
678 1821 820 1889 faciam?
864 1822 1030 1889 Desistere
1051 1819 1093 1887 ab
1113 1820 1263 1904 incoepto

94 1925 317 1991 difficillimum
347 1926 425 1992 mibi
454 1927 554 2010 foret,
586 1927 645 1994 sed
673 1948 733 1994 nec
760 1949 781 1994 a
807 1933 855 2010 te,
884 1926 1117 1994 humanissime
1145 1925 1203 2006 vir,
1228 1924 1265 1991 id

94 2051 225 2098 rursum
249 2039 362 2117 petere
385 2052 555 2116 praesumo.
601 2033 683 2099 Novi
706 2034 791 2099 enim
814 2034 1042 2119 occupationes
1065 2038 1156 2113 tuas,
1190 2029 1265 2098 nori

94 2136 223 2221 quoties
247 2136 345 2202 oneri'
359 2136 421 2201 tibi
444 2136 559 2203 luerim
583 2137 688 2204 literis
711 2138 801 2205 meis.
847 2139 931 2219 Quid
954 2139 1052 2224 ergo?
1097 2137 1146 2203 Tu
1175 2135 1264 2203 vides

93 2241 240 2307 laborem
271 2245 305 2306 et
331 2239 476 2308 dolorem
506 2263 622 2309 meum.
669 2242 703 2309 Si
730 2243 787 2324 tis,
818 2249 914 2328 potes
943 2265 995 2310 me
1023 2244 1148 2328 juvare.
1192 2242 1264 2308 Hoc

94 2353 214 2426 11111111,
236 2353 275 2413 ut
296 2345 374 2427 dixi,
397 2368 419 2414 a
441 2353 475 2413 te
497 2354 610 2433 petere
632 2369 697 2413 non
718 2348 832 2416 audeo.
878 2348 913 2415 Si
935 2354 1045 2415 11111111
1067 2347 1184 2413 feceris
1206 2346 1265 2412 im-
1300 2340 1302 2347 ’

92 2452 225 2518 mortali
256 2473 308 2518 me
339 2450 495 2519 beneficio
524 2452 643 2518 afficies
670 2459 929 2539 perpetuumque
959 2452 1140 2542 debitorem
1168 2458 1262 2519 tuum

92 2558 283 2624 constitues.
336 2557 415 2624 Vale
452 2555 556 2637 ioelix,
588 2557 765 2624 amicornm
800 2556 1104 2638 observandissime,
1147 2563 1181 2623 et
1210 2578 1262 2623 me

92 2662 143 2728 tui
165 2663 303 2729 nominis
327 2668 360 2728 st
382 2661 513 2728 honoris
534 2682 715 2747 praeconem
739 2682 810 2729 esse
833 2667 923 2729 certo
939 2661 1060 2730 certius
1084 2662 1178 2730 scias.
1212 2663 1262 2728 Ex

91 2767 295 2851 Ottenpnrra
317 2767 422 2852 pridie
445 2767 518 2834 idus
540 2767 713 2834 lanuarias
739 2773 833 2834 1512.

182 2893 255 2952 Msc.
271 2893 425 2969 Ellenbog.
442 2895 492 2956 lib.
509 2894 538 2953 11
553 2895 637 2968 epist.
657 2895 696 2954 23
714 2892 763 2955 iol.
784 2888 864 2956 113b
876 2910 921 2968 sq.

583 3146 771 3214 CXXXVII.

164 3234 306 3300 stuttgart.
1014 3241 1046 3288 st
1065 3236 1127 3289 Jan.
1149 3237 1226 3288 1512.

90 3370 259 3444 Joannes
287 3367 471 3443 Reuohlin
497 3348 716 3445 Phorcensis
743 3369 819 3444 LL.
854 3369 983 3444 doctor
1015 3369 1262 3444 celeberrimae

213 3489 383 3565 facultati
410 3491 632 3592 theologicae
659 3491 882 3568 Coloniensi.
911 3492 953 3566 P.
983 3516 1010 3564 s.
1041 3490 1076 3565 d.
1106 3518 1143 3592 p.

181 3698 233 3765 Ad
250 3699 381 3766 circiter
397 3707 437 3766 17
453 3701 524 3769 Kal.
540 3701 745 3782 Februarias,
769 3700 987 3768 colendissimi
1001 3701 1127 3781 Patres,
1151 3698 1261 3767 eximii

91 3826 262 3873 sacrarum
285 3804 454 3872 literarum
477 3805 644 3886 doctores,
673 3805 804 3872 reddita
826 3811 877 3872 est
903 3805 982 3871 mihi
1010 3805 1148 3891 epistola
1177 3827 1263 3891 qnas-

91 3910 168 3977 dam
191 3915 318 3991 vestra,
349 3912 436 3975 omni
464 3932 581 3995 genere
604 3911 801 3995 optimarum
828 3910 1016 3978 1111111111ι
1042 3910 1201 3994 insignita,
1225 3916 1262 3977 ut

91 4036 164 4102 quse
195 4035 217 4079 a
248 4019 338 4080 recte
369 4015 494 4080 vivendi
524 4015 750 4102 sentiendique
780 4015 906 4082 officina
941 4016 1149 4099 processerit,
1182 4016 1261 4082 data

90 4118 235 4188 secundo
257 4118 405 4185 Januarii
428 4118 480 4185 die
494 4118 516 4198 ²,
538 4119 572 4185 in
588 4142 653 4206 qua
677 4127 711 4188 et
733 4121 889 4207 pietatem
911 4119 945 4184 in
968 4119 1072 4185 Deum
1096 4125 1129 4186 11
1156 4118 1262 4187 chari·

674 4285 692 4325 s

165 4379 178 4432 1
201 4371 342 4446 Virtutum]
362 4372 500 4425 tentatum
520 4377 544 4428 ².
616 4377 630 4432 2
651 4374 745 4435 1111.
765 4379 790 4429 1.
809 4390 831 4431 s.
850 4390 873 4432 o.
892 4389 949 4434 nro.
969 4371 1115 4434 cxxxtu.
