2716 4898
638 265 702 331 257

75 450 250 520 hebraicas
273 459 308 520 et
330 474 405 520 vere
428 475 567 521 arcanas
590 454 705 521 literas
739 455 921 542 admiratur
943 463 1103 541 quantum
1127 480 1148 524 a
1170 481 1252 547 prae-

75 557 271 644 ceptoribus
294 559 427 626 insulsis
461 560 501 625 ad
526 581 629 644 nugas
655 554 837 626 'trahuntur
860 561 909 626 vel
934 562 1086 628 emendas
1117 564 1167 630 vel
1190 565 1259 631 dis·.

74 663 217 744 condas,
245 671 374 731 tantum
404 672 544 751 utroque
576 667 658 752 pede
682 666 832 732 resiliunt
855 666 897 731 ad
929 668 1095 752 sequenda
1118 671 1259 755 vestigia,

72 769 331 855 spectabilitatis
354 777 429 836 tua.

167 875 213 942 So
236 876 283 942 sei
308 873 449 942 Richard
472 876 599 944 Crokus
619 879 639 957 ¹,
668 878 719 942 ein
744 877 946 961 Engl'ander,
974 879 1087 964 jiingst
1110 879 1162 945 bei
1184 880 1251 948 ihm

72 1001 236 1064 genesen,
267 980 326 1047 der
362 981 432 1048 sich
463 981 591 1049 danach
626 984 740 1063 selme,
774 983 946 1049 hebraisch
977 1004 1016 1049 zu
1052 985 1180 1065 lernen,
1215 1007 1255 1075 so

72 1085 211 1152 andere.
266 1087 311 1152 Er
345 1086 445 1153 bittet
482 1109 536 1153 um
570 1088 731 1153 rationem
768 1089 1001 1154 constituendae
1038 1088 1250 1156 bibliotheca.

73 1192 153 1258 Dat
177 1191 227 1258 Id.
251 1190 339 1277 Sept.

168 1299 332 1363 Gedruclst:
350 1322 392 1360 =
408 1302 437 1362 J.
454 1320 481 1362 v.
498 1320 524 1364 e.
541 1322 566 1379 z,
583 1315 622 1363 εὖ.

584 1469 753 1538 ccxxlv.

152 1555 272 1624 norperg.
966 1562 997 1609 rs
1017 1561 1088 1626 sepa
1110 1560 1215 1629 (rore.)

348 1629 528 1705 Ricardus
557 1627 694 1704 Crocus
722 1657 771 1704 an
799 1630 982 1706 Bouchlin

81 1751 225 1836 helxlagt,
239 1752 315 1819 dass
327 1752 484 1819 Reuchlin
497 1753 564 1817 ihm
582 1753 672 1818 nicht
686 1752 895 1835 gesobrieben
913 1753 1005 1834 habe,
1018 1753 1062 1819 ist
1085 1776 1123 1819 zu
1142 1752 1252 1837 jedem

82 1857 210 1924 dienste
243 1857 362 1938 baren,
399 1857 526 1924 schickt
556 1858 621 1923 ihm
654 1860 704 1924 ein
741 1860 823 1924 eben
856 1881 915 1925 von
938 1859 1005 1925 ihm
1028 1860 1253 1925 ersohienenes

83 1963 168 2029 buch
205 1962 271 2028 und
302 1963 401 2028 bittet
432 1963 505 2042 ibn,
540 1964 609 2029 sein
643 1963 913 2031 kabbalistisohes
951 1965 1037 2031 werk
1077 1965 1151 2031 dem
1179 1964 1253 2031 Joh.

84 2069 226 2148 Fischer,
250 2067 380 2135 bischof
398 2090 460 2134 von
485 2068 671 2148 Rochester,
695 2094 735 2136 ru
758 2071 902 2136 widmen.
947 2071 1072 2157 Lipsiae.

173 2178 337 2239 Gedruoht:
354 2198 396 2235 =
412 2178 441 2238 J.
459 2195 485 2238 v.
503 2195 529 2238 e.
546 2196 565 2252 y
582 2173 630 2239 2b.

590 2347 741 2442 ccxxv.

153 2434 237 2485 Korn.
997 2439 1026 2486 ra
1047 2437 1116 2502 sept.
1139 2435 1215 2484 rnre.

204 2523 370 2598 Joannes
396 2523 542 2599 Potken
569 2525 710 2600 Joanni
737 2525 921 2600 Reuohlin
950 2525 986 2600 S.
1018 2526 1061 2597 D.
1091 2525 1132 2602 P.
1188 2564 1191 2569 ·

173 2647 248 2726 Eas,
279 2669 360 2732 quas
394 2648 437 2713 ad
466 2670 517 2714 me
548 2670 564 2714 e
595 2649 784 2733 Stutgardia
809 2654 827 2712 3
852 2647 923 2713 Kal.
953 2645 1091 2712 Sextiles
1123 2641 1251 2720 dedisti,

87 2749 270 2817 doctissime
315 2752 444 2833 doctor,
493 2754 605 2819 literas
650 2777 753 2838 nuper
785 2755 893 2838 recepi
934 2774 1008 2819 curn
1041 2749 1253 2837 quaternione

86 2856 222 2942 operis²
249 2878 309 2941 per
336 2859 369 2923 F.
393 2859 527 2925 Petrum
549 2860 738 2926 Galatinnm
763 2861 933 2945 compositi
957 2860 999 2924 ad
1022 2880 1074 2924 ma
1106 2855 1254 2922 remisso.

86 2960 155 3029 Tibi
178 2962 267 3028 haud
289 2963 406 3048 parum
430 2965 642 3048 gratulabar,
671 2967 758 3050 quod
791 2989 830 3031 ex
857 2973 952 3050 parte
982 2964 1125 3050 epistola
1158 2966 1256 3049 quarn

78 3054 123 3134 ¹sd
147 3091 202 3134 me
227 3069 356 3135 mittere
380 3069 530 3154 dignatus
555 3092 600 3146 es,
624 3072 813 3137 intellexisti
838 3094 970 3138 oausam
994 3072 1083 3136 illam
1106 3069 1254 3136 tuam'in

84 3180 182 3255 portu
207 3194 288 3239 esse.
336 3176 403 3258 Ego
427 3197 500 3240 oum
525 3176 668 3260 epistolae
700 3186 828 3260 partem
852 3178 976 3261 absque
1001 3197 1092 3241 mora
1116 3173 1255 3256 Georgia

84 3276 214 3346 Sobio⁸
240 3280 445 3363 juventutem
475 3281 698 3348 Coloniensem
727 3285 759 3347 in
783 3291 854 3349 arte
885 3282 1097 3346 humanitatis
1124 3277 1254 3362 publice

83 3385 260 3464 erudienti,
282 3384 416 3451 laudum
439 3392 569 3452 tuarum
592 3389 807 3471 praedicatori,
836 3395 957 3472 tuoque
981 3385 1042 3450 hac
1065 3386 1098 3448 in
1122 3383 1255 3448 civitate

80 3490 245 3558 acerrimo
274 3491 449 3571 defensori,
483 3494 612 3558 tradidi.
663 3495 696 3559 Is
729 3495 833 3578 primo
872 3490 986 3557 exinde
1019 3491 1070 3555 die
1105 3489 1190 3552 festo
1222 3487 1256 3552 in

79 3596 225 3681 templo,
260 3595 347 3681 qood
378 3619 538 3664 summum
568 3598 775 3664 colonienses
804 3603 935 3675 vocant,
968 3594 1056 3660 facta
1086 3593 1256 3659 doctorum

77 3704 227 3769 virorum
244 3722 364 3767 corona
380 3703 528 3769 omnibus
552 3704 666 3769 audire
682 3702 896 3789 cupientibus,
921 3723 937 3766 e
963 3721 1099 3784 quorum
1122 3719 1257 3765 numero

77 3807 232 3876 nonnulli
258 3808 305 3873 tui
322 3808 429 3872 amuli
467 3817 570 3889 erant,
605 3810 691 3893 legit,
714 3808 853 3894 perlegit
878 3813 912 3872 et
936 3806 1060 3888 relegit,
1084 3802 1257 3887 subitoque

78 3920 157 3980 orto
181 3934 313 3979 rumore
336 3936 396 3997 per
423 3915 606 3996 civitatem,
630 3921 667 3980 ut
689 3913 742 3994 fit,
774 3913 862 4000 quod
885 3913 987 3979 victor
1012 3911 1138 3990 evades,
1161 3907 1256 3975 multi

80 4042 124 4086 ex
147 4018 200 4085 his
223 4019 281 4104 qui
303 4025 336 4085 te
352 4026 464 4086 amant
487 4027 520 4087 et
543 4020 689 4087 nonnulli
712 4042 752 4087 ex
768 4021 814 4087 eis
830 4019 886 4104 qui
911 4026 943 4085 te
960 4017 1035 4085 odio
1055 4035 1256 4102 prosequun-

654 4129 673 4165 ll·

161 4201 173 4249 1
194 4195 257 4265 vgl.
271 4197 487 4268 Bdclringsuppl.
501 4199 534 4263 II,
546 4215 567 4252 s.
581 4199 631 4249 352
643 4199 688 4264 fg,
701 4196 750 4248 den
764 4195 904 4264 folgenden
919 4193 1048 4247 briesund
1059 4194 1261 4260 dionunhtrlige.

84 4290 99 4337 2
120 4285 227 4355 Operis]
242 4284 274 4338 de
292 4288 396 4338 arcanis
413 4287 550 4339 catholica
564 4288 691 4350 veritatis,
710 4303 730 4338 a.
751 4303 775 4339 o.
790 4285 891 4337 CCXV.
912 4303 934 4337 a.
991 4288 1006 4334 3
1028 4284 1085 4351 Vgl.
1099 4284 1192 4346 Krnfft,
1204 4285 1261 4333 mit-

84 4375 240 4443 theilnngen
261 4376 325 4427 liber
344 4377 471 4428 Heinrich
492 4375 634 4442 Bullinger,
653 4375 788 4427 Elberfeld
810 4377 885 4426 1868.

119 4474 265 4519 Benchlin
1026 4447 1059 4507 Π
