2790 4882
672 301 739 371 315

230 509 312 562 Nemo
332 508 531 575 maniplares
552 508 740 575 Capuiozoilus
760 511 833 560 ausit

278 598 415 648 Musarum
433 613 511 650 saoro
532 614 572 648 me
592 595 731 665 prohibere
752 597 840 650 choro.

230 687 360 752 Dogmata
378 701 482 752 semper
501 701 588 752 agani,
609 693 716 750 totoque
736 685 840 752 legetur
858 688 885 738 in
905 685 969 738 orbe

280 773 405 823 Famulus
425 773 538 839 hexaplo
558 773 651 822 doctus
673 775 706 823 sb
725 789 769 825 ore
789 774 870 840 loqui.

122 877 265 962 Accepit,
288 884 325 944 ut
347 878 455 945 omnis
478 877 570 957 solet,
594 877 731 962 benigno
755 878 857 946 vultu.
905 879 948 945 Et
971 875 1076 964 polleo
1100 874 1187 961 apud
1211 894 1294 956 eum,

120 990 155 1050 et
176 1005 317 1070 possum,
342 983 439 1070 idque
461 982 548 1049 haud
564 983 750 1069 vulgariter.
775 984 831 1051 Pb.
854 980 1084 1050 Melanchthon
1101 1002 1192 1047 meus
1206 979 1293 1047 inter

120 1087 265 1156 Saxones
296 1087 513 1173 Wittenburgi
543 1096 711 1171 versatur,
739 1090 865 1177 pulpito
903 1088 1075 1175 praefectus
1107 1085 1292 1167 latinarum,

120 1214 299 1280 graeoarum
323 1201 357 1260 et
379 1192 607 1262 hebraicarum
638 1196 825 1276 literarum3
858 1216 956 1282 quem
990 1193 1129 1260 honorat
1142 1191 1293 1258 illustris-

120 1301 222 1367 simus
246 1299 452 1367 Friderichus
479 1299 600 1367 elector
623 1303 769 1369 omnium
793 1302 942 1368 maxime.
981 1298 1015 1365 Si
1038 1298 1172 1365 debitur
1194 1296 1294 1364 lacul-

120 1412 183 1486 tas,
206 1405 255 1471 illi
277 1412 310 1472 te
335 1406 577 1473 commendabo.
608 1408 692 1487 Quid
719 1428 799 1473 meae
834 1404 1022 1492 parturiunt
1045 1405 1155 1484 Musae,
1180 1424 1293 1488 expec-

121 1517 203 1592 tant,
227 1531 345 1577 muscae
376 1513 424 1577 ris
453 1512 571 1592 dicere,
595 1512 668 1599 plus
693 1515 778 1580 enim
802 1512 834 1578 in
858 1533 909 1578 me
932 1511 1073 1598 perdunt
1101 1530 1229 1590 muscae,
1258 1507 1293 1576 id

121 1623 174 1684 est
213 1615 414 1700 theologistee
445 1637 542 1704 quam
570 1619 759 1703 parturiant
788 1619 898 1685 Musca
931 1616 1043 1700 Nuper
1067 1616 1212 1680 enimes
1236 1635 1292 1681 sn·

122 1723 216 1808 tiqua
238 1721 359 1789 invidia
383 1722 589 1789 astharothae
609 1726 638 1805 ¹,
675 1722 837 1807 diabologi
863 1742 945 1788 nora
970 1727 1022 1786 est
1044 1718 1216 1786 adversum
1239 1740 1291 1786 me

121 1834 196 1894 orta
219 1828 410 1894 criminatio.
434 1826 571 1913 Scripsit
594 1850 732 1915 nemque
756 1829 930 1896 adversum
953 1846 1004 1892 me
1029 1825 1069 1890 de
1093 1831 1164 1891 arte
1189 1822 1293 1890 Gaba·

122 1932 489 2000 listicacoutumeliose
521 1935 633 2014 nimis,
663 1941 697 2001 et
727 1934 850 2001 famose
870 1934 891 1998 ².
923 1931 1003 1998 Cum
1036 1938 1145 1997 autem
1178 1935 1293 1996 contra

121 2037 279 2106 verbosos
302 2039 402 2105 nolim
426 2041 620 2106 contendere
652 2040 779 2121 verbis,
809 2037 937 2106 ostendi
959 2043 1067 2104 tamen
1092 2035 1293 2102 evidentiora

121 2144 198 2211 libri
221 2145 271 2211 sui
295 2143 475 2225 mendacia,
500 2166 571 2231 quae
594 2145 810 2230 praesentibus
834 2144 884 2211 bis
907 2143 1012 2210 literis
1036 2140 1079 2209 ad
1102 2147 1135 2207 te
1158 2142 1252 2207 mitto
1269 2139 1292 2205 ³.

116 2248 239 2316 Audies
271 2256 345 2335 post
379 2249 448 2316 baec
475 2250 555 2331 elia3
589 2272 663 2316 nam
700 2272 812 2317 ansam
844 2248 986 2316 amicis⁴
1016 2245 1091 2312 dedi
1107 2244 1291 2311 vindicandi

117 2354 191 2421 mei.
216 2355 264 2421 De
287 2353 428 2421 omnium
451 2362 598 2422 nostrum
629 2355 795 2423 deditione
818 2354 879 2422 hoe
902 2353 997 2419 Ennii
1022 2352 1160 2419 sentito:
1184 2351 1286 2430 Quem

113 2465 264 2527 metuunt
286 2460 433 2527 oderunt.
451 2510 481 2526 ..
519 2461 742 2526 Deseruerant
765 2460 880 2527 ducem
900 2455 1069 2526 nostrum⁶
1096 2455 1189 2521 initio
1213 2455 1290 2522 belli

113 2563 336 2631 Helvetiorum
365 2585 465 2649 supra
494 2564 606 2630 decem
637 2571 671 2631 et
689 2557 767 2631 ‘octo
799 2564 909 2644 millia,
934 2568 1066 2648 recepta
1089 2559 1184 2645 stipe.
1210 2558 1293 2644 Opi-

113 2669 243 2736 nionem
268 2690 396 2755 quoque
420 2669 454 2734 in
478 2669 605 2749 Hassis,
638 2676 671 2735 et
694 2670 789 2736 vicini
810 2689 938 2756 quoque
975 2666 1078 2732 nostri
1101 2665 1286 2732 fefellerunt

113 2775 251 2861 equites.
275 2775 358 2840 Hinc
380 2774 438 2841 illa
460 2773 547 2842 mala
570 2794 641 2859 quse
664 2775 754 2860 prius
783 2796 847 2842 nou
876 2773 1048 2858 auspicata
1070 2791 1159 2838 more
1183 2769 1285 2856 majo·

112 2902 186 2947 rum
210 2884 395 2947 evenerunt.
419 2878 483 2946 Sed
506 2880 628 2965 cogitet
650 2879 900 2947 confoederatio:
935 2877 1026 2959 „Non
1042 2877 1147 2943 minor
1163 2882 1214 2943 est
1229 2875 1291 2942 vir·

114 2990 178 3063 tus,
209 3006 308 3070 quam
336 3004 492 3071 quaerere,
523 2991 620 3069 parta
649 2989 752 3054 tueri“
774 2988 796 3053 ⁶.
829 2985 1027 3051 Placuerunt
1056 2982 1134 3049 mibi
1166 2990 1224 3049 tua
1253 2981 1287 3048 in

114 3088 276 3155 Caesarem
312 3088 504 3174 Epitaphia3
543 3111 602 3156 cur
638 3091 732 3172 enim,
769 3111 870 3177 quere
903 3086 1155 3172 Hummelbergii
1203 3094 1289 3168 sunt,

113 3214 177 3259 non
201 3193 294 3260 valde
318 3192 485 3278 placerent
509 3194 690 3279 Gspnioni?
730 3197 772 3262 Et
802 3194 947 3281 gratulor
978 3216 1017 3261 ea
1047 3215 1106 3278 per
1138 3200 1286 3260 nostrum

113 3299 343 3383 Peutingerum
378 3297 478 3385 praelo
517 3301 676 3366 committi
690 3302 711 3364 ⁷.
759 3302 896 3368 Fecerat
934 3300 1019 3366 idem
1058 3304 1169 3365 noster
1208 3297 1291 3367 Tho·

189 3539 199 3584 t
223 3533 298 3586 esth.
324 3555 360 3580 =
384 3533 570 3586 Hoobstreten.
655 3537 669 3583 2
703 3532 894 3586 Hoehstretsns
917 3534 1063 3586 destructio
1091 3532 1209 3598 cabula,
1235 3532 1289 3601 agl.

112 3620 243 3674 Reucblin
269 3639 290 3673 a.
314 3624 362 3672 tae
383 3621 408 3672 ff.
482 3625 497 3673 3
521 3624 599 3673 Dicae
629 3621 826 3689 bemerlrungsn
849 3622 993 3673 Raucblins
1019 3622 1091 3684 sind,
1117 3623 1210 3674 soweit
1240 3624 1290 3674 mir

113 3708 238 3771 bekannt,
258 3709 333 3760 nicht
352 3709 481 3775 gedruolrt
499 3709 613 3761 worden.
687 3715 702 3759 4
724 3709 871 3761 Besouders
885 3710 969 3761 Franz
990 3727 1040 3760 von
1060 3710 1213 3777 Siclringen,
1234 3710 1288 3777 rgl.

112 3796 179 3848 iiber
191 3796 251 3848 ihu:
264 3797 386 3859 Ulmaun,
399 3797 510 3865 Leipzig
527 3802 607 3860 18723
621 3799 686 3849 iiber
698 3797 740 3848 die
753 3797 942 3864 beaiahuugen
956 3815 988 3848 au
1006 3796 1134 3849 Rouoblin
1148 3814 1170 3849 a.
1187 3801 1236 3849 165
1249 3800 1288 3862 ff.;

111 3884 166 3950 vgl.
186 3885 326 3946 Raueblin,
345 3901 366 3936 s.
387 3887 438 3936 445
457 3887 510 3952 iga
529 3885 577 3936 das
597 3886 755 3937 aktenstiick
774 3886 817 3937 bei
832 3887 963 3952 Bdclring‚
981 3887 1077 3956 suppl,
1096 3886 1150 3938 vol.
1168 3887 1189 3949 1,
1202 3902 1224 3938 s.
1237 3888 1288 3938 435

110 3973 154 4026 bis
173 3977 233 4022 440.
305 3977 321 4023 5
343 3976 441 4024 Ducem
468 3974 596 4041 nostrum]
616 3974 709 4026 Ula-iob
732 3990 784 4026 von
807 3975 1009 4042 Wilrttembarg.
1084 3976 1173 4026 ilion
1192 3973 1288 4042 minor]

111 4060 184 4112 Ovid
202 4060 235 4112 de
255 4068 310 4112 erte
330 4065 461 4114 amatoria
479 4063 512 4124 11,
532 4080 556 4113 v.
579 4065 618 4114 13.
694 4067 708 4112 ⁷
728 4062 770 4117 Ob
789 4064 828 4115 sis
847 4062 978 4131 gedruokt
996 4061 1071 4124 sind,
1090 4063 1125 4113 ist
1143 4063 1194 4114 ruis
1211 4062 1287 4114 nieht

110 4149 236 4201 bekannt.
274 4134 347 4200 llber
366 4149 409 4200 die
428 4151 570 4217 epitaphia,
591 4150 646 4217 vgl.
667 4151 709 4202 die
728 4151 811 4203 brieio
833 4152 881 4202 Hs
901 4149 953 4200 und
971 4150 1017 4203 P.s
1035 4149 1078 4201 bei
1099 4147 1174 4201 Veitb
1194 4168 1216 4201 a.
1238 4152 1287 4203 189

111 4237 162 4302 ig.3
181 4237 267 4287 iernsr
286 4237 328 4287 die
347 4239 431 4288 notia:
460 4237 574 4289 Michael
593 4237 829 4304 Hummelburgius
853 4238 984 4305 prolixum
1011 4239 1172 4307 epitaphium
1191 4238 1288 4303 (Maxi-

111 4324 204 4400 miliau
223 4325 247 4388 Ι)
268 4325 337 4387 iacit,
357 4325 427 4391 quod
449 4327 475 4376 iu
497 4327 610 4392 antiquis
624 4327 843 4392 inscriptionibus
860 4326 889 4378 P.
908 4327 1004 4395 lipiaui
1018 4334 1044 4377 st
1060 4326 1149 4384 Bartli,
1171 4326 1287 4383 ammai

111 4419 191 4468 extat
228 4412 308 4466 Mart.
328 4412 446 4478 Cresius,
464 4413 575 4468 sanates
595 4413 701 4468 suevici
723 4415 799 4480 1595,
816 4430 877 4483 pars
896 4414 942 4481 111,
960 4430 982 4468 a.
1001 4416 1063 4473 dit·
