2716 4898
654 312 720 377 184

105 525 255 572 reversus
288 524 393 572 essem
427 523 448 568 a
479 501 578 581 meis,
612 499 771 581 intellexi,
801 500 902 568 libros
933 499 1007 568 illos
1043 499 1087 568 ad
1117 501 1151 565 to
1173 496 1266 566 fuisse

104 613 323 690 transmissos,
346 617 455 676 utrum
475 628 552 674 vero
576 607 649 673 illos
672 608 836 692 receperis
852 629 911 672 nec
933 628 974 672 ne
990 605 1079 672 haud
1096 604 1173 671 dum
1190 626 1268 672 com·

107 723 237 802 pertum
260 715 376 782 habeo.
421 715 509 780 Bene
533 714 645 797 itaque
669 713 800 793 leceris,
823 713 850 778 si
873 712 934 778 hac
957 712 998 777 de
1022 732 1058 778 re
1081 731 1135 777 me
1158 712 1267 779 certio

105 843 174 888 rem
198 822 327 888 reddas.
375 820 581 904 Scripsissem
605 819 773 885 confestim
797 824 873 903 post
895 817 1038 884 reditum
1061 838 1188 897 meum,
1216 816 1267 883 sed

105 927 159 992 vix
190 926 292 993 limini
322 925 438 1012 pedem
470 925 661 1004 intuleram,
694 946 767 990 cum
801 925 919 991 iterum
953 923 1045 990 abire
1069 929 1205 990 coactus
1227 923 1266 990 fui

102 1054 252 1118 nuncque
280 1031 409 1098 demum
433 1037 508 1116 post
531 1030 649 1096 multos
673 1051 823 1097 reversus
846 1051 917 1096 sum
939 1029 1080 1096 labores.
1121 1027 1186 1096 Sed
1202 1051 1265 1114 qua

106 1138 280 1205 scribenda
313 1142 407 1203 erant
449 1135 602 1202 brevibus
636 1136 757 1221 accipe.
811 1135 1011 1202 Prohibuere
1040 1134 1118 1202 olim
1141 1134 1265 1221 Ephesii

105 1264 223 1309 nomen
258 1242 409 1309 scelerati
445 1241 532 1307 illins
566 1240 705 1307 bominis
740 1242 797 1327 qui
818 1241 930 1307 Dianae
960 1240 1119 1325 templum
1143 1262 1265 1308 succen-

90 1348 202 1414 derat
230 1347 400 1414 literarum
428 1348 644 1413 monumentis
680 1347 800 1425 inseri,
836 1346 961 1413 scilicet
988 1368 1028 1413 ne
1059 1367 1100 1412 ex
1130 1347 1264 1415 facinore

104 1453 161 1520 illo
184 1453 311 1519 nefasto
334 1460 528 1537 perpetuam
550 1454 740 1519 memoriam
763 1454 986 1538 assequutus¹
1010 1473 1082 1520 esse
1098 1452 1264 1520 videretur.

105 1558 154 1625 Tu
186 1580 261 1625 vero
296 1558 458 1624 hominem
494 1557 555 1623 tibi
589 1558 844 1625 inimicissimum
879 1566 913 1625 et
946 1559 1002 1644 qui
1036 1559 1134 1625 aliter
1170 1558 1265 1627 doctis

106 1665 269 1750 praecipue
297 1665 426 1748 ignotus
449 1663 565 1730 fuisset
587 1663 678 1730 libris
701 1665 766 1731 tuis
782 1664 937 1731 celebras.
976 1663 1051 1731 Vidi
1067 1665 1154 1731 enirn
1171 1687 1266 1752 nuper

110 1770 266 1837 libellos2
290 1775 364 1835 tuos
386 1791 407 1834 a
429 1776 463 1835 te
487 1770 630 1850 emissos,
653 1771 686 1835 in
702 1770 820 1856 quibus
836 1770 1013 1856 semijudaei
1035 1771 1123 1838 illius
1139 1773 1266 1838 mentio

105 1896 178 1941 nem
212 1875 308 1955 facis,
344 1874 483 1940 bominis
516 1876 609 1960 cujus
635 1877 792 1942 memoria
818 1877 859 1942 de
888 1885 979 1943 terra
1014 1877 1191 1944 viventium
1219 1879 1265 1944 de

105 1979 203 2046 leuda
231 1986 326 2046 esset.
373 1981 437 2046 Sed
461 1982 528 2047 scio
552 1982 739 2066 respondes,
761 1989 795 2049 te
818 2004 883 2048 nou
905 1980 1057 2048 laudibus
1073 1984 1131 2049 sed
1148 1983 1265 2051 meritis

105 2085 260 2151 conviciis
283 2085 375 2151 illum
398 2086 663 2172 prosequutum³
686 2108 757 2154 esse
781 2095 815 2154 et
837 2094 925 2155 recte
948 2088 1089 2175 quidem.
1137 2091 1181 2156 At
1208 2113 1265 2157 non

107 2189 221 2256 vides?
253 2190 286 2256 id
314 2190 401 2276 quod
432 2198 530 2258 antea
559 2192 721 2272 dixeram,
747 2193 837 2259 illum
862 2194 923 2260 hoc
945 2201 1043 2279 pacto
1066 2192 1190 2262 famam
1213 2218 1265 2264 sen

102 2298 205 2381 magis
227 2296 394 2362 infamiam
417 2307 625 2382 assequutum
641 2299 656 2338 ⁴
671 2320 743 2365 esse
767 2309 801 2365 ct
824 2298 911 2385 qnod
934 2300 1075 2385 propriis
1091 2301 1263 2368 virtutibus

103 2403 167 2468 sibi
189 2402 383 2485 denegatum
411 2401 549 2483 viderat,
579 2404 614 2471 id
640 2404 760 2469 inimici
789 2426 889 2490 opera
918 2406 1122 2491 quaesivisse,
1146 2407 1264 2474 scilicet

102 2513 140 2573 ut
163 2507 332 2574 doctorum
356 2507 480 2574 volaret
502 2531 562 2593 per
584 2527 643 2575 ora
665 2510 817 2576 uirorum.
863 2510 990 2576 Nollem
1013 2511 1125 2596 itaque
1151 2513 1261 2579 dehinc

102 2612 258 2697 opuscula
280 2619 338 2680 lua
361 2612 420 2678 tali
442 2613 570 2698 piaculo
594 2614 744 2695 foedares,
768 2616 931 2701 praecipue
956 2638 1029 2683 cum
1051 2617 1098 2682 nil
1121 2619 1165 2685 ad
1181 2639 1263 2685 mon·

102 2724 207 2784 strum
240 2717 321 2785 illud
352 2720 538 2784 attinerent.
583 2720 662 2785 Haeo
695 2726 734 2787 ut
764 2722 888 2788 amicus
919 2723 976 2808 qui
1006 2729 1039 2788 te
1063 2723 1106 2789 ob
1129 2724 1261 2790 virtutes

102 2828 177 2888 tuas
199 2822 385 2889 innumeras
400 2824 537 2908 suspicit
552 2824 565 2864 ⁶
589 2832 623 2891 et
639 2825 845 2893 vehementer
860 2834 952 2893 amat
971 2828 1088 2895 scribo.
1127 2830 1177 2896 Tu
1194 2851 1261 2896 vero

102 2926 181 3011 quid
214 2927 399 2993 iaciendum
435 2929 492 3009 sit,
526 2936 653 2996 mature
688 2931 927 3016 consyderabis.
981 2934 1100 3019 Reperi
1134 2935 1261 3002 Treveri

103 3031 317 3116 antiquitates
349 3033 456 3100 varias
490 3041 557 3099 tam
593 3057 715 3120 grecas
756 3059 853 3122 quam
884 3037 1013 3106 latinas.
1066 3041 1118 3106 Ex
1152 3040 1262 3128 quibus

102 3156 207 3218 graeca
229 3136 295 3201 ista
317 3137 422 3219 mitto,
446 3140 602 3207 missurus
626 3148 659 3207 et
681 3141 793 3224 latina,
817 3145 845 3209 si
868 3144 929 3211 tibi
951 3146 985 3211 id
1013 3145 1146 3230 placere
1175 3145 1261 3213 intel·

100 3239 226 3321 lexero,
265 3247 356 3308 tuum
395 3244 505 3329 itaque
536 3247 600 3312 erit
631 3248 821 3315 rescribere.
879 3250 957 3317 Vale
997 3258 1031 3317 ct
1066 3273 1259 3338 quaecunque

99 3350 256 3431 praestare
277 3354 394 3432 potero
418 3371 439 3415 a
460 3371 512 3416 me
535 3350 673 3419 fidenter
696 3354 795 3439 exige.
842 3357 892 3422 Ex
913 3356 1139 3444 Nuremberga
1162 3358 1258 3426 kalen.

100 3451 292 3519 decembris.
315 3455 407 3521 Anno
434 3461 518 3522 1512
536 3458 558 3523 ⁶.
790 3452 795 3460 ’

668 3560 688 3598 es

98 3633 123 3678 4.
161 3629 362 3700 Demosthenes]
392 3633 474 3683 findet
499 3634 557 3684 sich
585 3636 659 3686 nieht
684 3644 759 3689 anter
785 3639 834 3689 dan
865 3641 1000 3708 ansgaben
1026 3642 1073 3694 dor
1100 3645 1202 3711 werke,
1222 3644 1260 3696 dia

96 3715 180 3766 Aldus
199 3717 301 3784 verlegt
320 3719 365 3769 bet
388 3720 421 3784 (s.
445 3721 492 3771 des
515 3724 692 3775 verzeicbniss
714 3726 756 3777 bei
780 3726 899 3779 Scbliels:
922 3729 1006 3782 aldus
1024 3733 1161 3784 Manutius
1180 3733 1260 3788 Berlin

101 3805 166 3854 1862
187 3820 208 3855 a.
228 3809 261 3856 20
279 3806 320 3858 bis
340 3808 395 3873 52).

170 3898 180 3942 l
203 3895 348 3946 assecutus
361 3901 385 3946 4.
459 3901 473 3946 2
489 3896 617 3967 Libellos]
636 3902 825 3968 augenspiegel
838 3903 892 3953 and
906 3903 973 3954 „Ain
987 3905 1058 3957 clare
1072 3911 1258 3963 verateatnur.“

97 3980 303 4032 ttl’ersccutum
324 3989 347 4034 4.
421 3986 617 4037 4Assecutum
631 3991 653 4037 4.
727 3989 882 4056 bsuspicit
895 3992 1067 4060 ausgelessen
1082 4003 1107 4048 4.
1181 4000 1260 4052 eno·

95 4067 228 4135 rirnberga
247 4074 271 4120 4.
304 4070 337 4120 Es
362 4071 478 4134 scheint,
501 4074 563 4124 dass
582 4074 762 4127 Pirekbeimer
786 4079 834 4128 mit
856 4079 902 4130 der
921 4082 1162 4154 verdffentlicbung
1181 4086 1260 4139 dieses

95 4152 192 4207 brieics
210 4158 284 4208 nicht
302 4159 450 4210 sonderliclr
471 4162 603 4213 aufriaden
622 4179 683 4214 war.
720 4166 805 4215 Weun
824 4167 890 4218 euch
911 4169 988 4220 keine
1006 4171 1101 4238 algena
1120 4179 1260 4242 bussemng

97 4256 147 4292 von
167 4243 222 4294 ibnr
241 4244 354 4298 darliber
371 4246 490 4299 bekannt
514 4252 560 4312 ist,
584 4267 614 4301 so
636 4253 700 4318 geht
724 4268 752 4303 es
776 4254 827 4304 wol
853 4271 899 4306 ans
920 4256 1043 4310 Bebaims
1066 4270 1167 4314 werten
1185 4282 1217 4316 an
1234 4263 1259 4313 P.

95 4328 196 4381 hervor.
235 4333 363 4402 Dialogus
385 4336 431 4387 ille
459 4337 625 4405 [unbekannt
650 4340 773 4411 welebar]
802 4343 865 4392 mihi
893 4345 957 4395 satis
975 4346 1091 4413 placuit:
1116 4365 1178 4402 nam
1195 4349 1261 4401 dedit

93 4417 157 4469 mihi
171 4419 303 4473 liuttenus
322 4422 356 4475 ad
374 4422 524 4493 legendum,
541 4425 589 4479 sed
601 4427 672 4495 quod
690 4429 724 4482 ad
736 4429 866 4484 Roucblln
880 4433 977 4499 mittas,
994 4439 1085 4490 nescio
1103 4438 1128 4491 sl
1143 4439 1259 4508 probem:
