2716 4898
659 253 702 328 lo

89 467 195 538 opera
219 446 263 519 ad
287 453 413 539 majora
437 459 592 519 reservat.
641 453 709 532 Quo
733 452 780 532 fit,
805 460 842 519 ut
858 455 943 519 inter
966 452 1114 522 assiduos
1136 457 1264 521 nostros

90 559 243 644 gemitus,
266 560 327 624 hoc
352 581 449 624 unum
474 558 533 622 tibi
558 560 713 642 gratulor,
738 560 781 622 mi
802 558 913 640 frater,
937 561 1015 625 mihi
1039 583 1167 646 quoque
1188 582 1264 645 gau-

91 665 163 745 deo,
188 665 245 749 qui
268 686 288 729 a
311 665 414 730 literis
439 664 562 730 scilicet
585 664 785 745 abstractus,
818 665 905 749 apud
929 687 1002 732 eum
1034 673 1144 733 tamen
1175 667 1265 751 degis

91 771 273 856 prinoipem
300 773 320 850 ¹,
345 792 408 855 quo
432 769 500 835 haec
529 776 642 835 nostra
666 769 841 836 Germania
871 770 952 837 nihil
980 770 1081 838 habet
1109 772 1266 840 excellen-

91 877 167 957 tius,
198 875 277 941 nihil
300 875 468 954 illustrius,
500 876 619 960 quippe
651 876 706 961 qui
738 875 895 959 singulari
925 898 984 943 sua
1015 879 1135 944 virtute
1166 884 1265 964 atque

91 981 261 1048 beneaotae
293 981 366 1046 vitae
398 1002 464 1047 suae
495 981 665 1065 praeconiis
698 981 956 1048 cantatissimum
991 982 1105 1049 ducale
1138 1006 1265 1066 nomen,

91 1086 309 1172 militarisque
325 1087 461 1153 Romani
476 1087 605 1170 imperii
621 1086 798 1172 disciplinae
819 1110 1004 1173 supremum
1020 1088 1265 1174 magisterium¹

86 1194 162 1278 jure
187 1192 393 1258 meritissimo
418 1193 488 1274 jam
511 1193 637 1277 pridem
669 1215 689 1259 a
718 1200 926 1260 sacrosancta
956 1195 1057 1280 Regia
1092 1196 1265 1281 Majestate

92 1298 242 1365 obtinere
258 1298 385 1364 meruit.
424 1297 531 1382 Atque
547 1298 682 1382 proinde
699 1300 817 1379 nescio,
842 1300 977 1385 siquod
999 1302 1208 1386 praestantius
1231 1303 1264 1367 in

91 1404 192 1470 terris
221 1425 337 1470 nomen
369 1404 482 1469 aDiis
513 1404 751 1471 immortalibus
779 1405 898 1471 illustri
926 1427 992 1473 suae
1020 1405 1265 1493 magnificentiae
1341 1479 1354 1500 N

91 1509 242 1576 conferre
265 1509 417 1595 potuerit.
457 1510 554 1576 Vivat
576 1533 674 1594 posco
699 1511 755 1576 diu
775 1510 865 1576 foelix
881 1513 953 1578 Dux
975 1513 1135 1581 maximus
1155 1514 1262 1580 armis.

91 1616 135 1681 Et
158 1615 276 1700 patriae
299 1615 412 1700 praesit
434 1615 635 1702 imperioque
659 1618 725 1683 diu.

183 1721 344 1787 Caeterum
373 1721 615 1788 emendationes
645 1729 719 1789 tuas
750 1723 783 1787 in
806 1722 907 1789 libros
931 1722 972 1790 de
996 1723 1104 1790 Verbo
1127 1723 1261 1791 mirifico

91 1848 152 1912 per
167 1831 201 1892 te
217 1833 348 1892 notatas
365 1827 396 1890 in
413 1825 476 1893 fine
492 1828 641 1894 citandas
664 1828 786 1912 perlegi
804 1828 825 1893 ³.
863 1827 957 1895 Dabo
975 1850 1103 1914 quoque
1119 1851 1263 1914 operam,

91 1932 301 2017 quantumin
325 1952 375 1996 me
393 1933 468 2013 erit,
489 1938 527 1998 ut
550 1935 746 2019 conjunctim
767 1956 826 2018 pro
847 1941 904 2000 tuo
928 1941 1002 2001 voto
1025 1935 1262 2019 imprimantur,

91 2044 170 2122 post
197 2036 319 2103 calcem
348 2059 476 2122 quoque
506 2059 617 2104 eorum
645 2040 801 2106 librorum
833 2040 889 2125 qui
916 2040 1022 2107 adhuc
1053 2041 1086 2105 in
1113 2040 1262 2107 manibus

91 2150 170 2210 sunt
195 2144 401 2228 impressoria
429 2152 643 2228 reponantur,
673 2168 736 2230 quo
765 2147 968 2231 conspectius
998 2145 1122 2230 liquere
1151 2147 1262 2230 possit,

90 2249 211 2333 quibus
234 2250 267 2313 in
291 2250 369 2314 locis
398 2251 630 2335 impressorum
662 2251 902 2319 inadvertentia
926 2253 1072 2337 egregias
1102 2257 1177 2319 tuae
1209 2251 1263 2317 de·

90 2355 240 2440 pravarit
255 2356 443 2421 sententiae.
482 2355 530 2421 Tu
546 2357 671 2423 interea
687 2357 831 2436 curabis,
855 2364 893 2424 ut
912 2357 1087 2443 aliquando
1104 2364 1138 2424 te
1154 2376 1263 2423 coram

91 2460 240 2526 contueri
272 2460 385 2540 liceat,
425 2467 547 2545 tuaque
575 2463 810 2546 jucundissima
844 2463 909 2529 frui
941 2463 1124 2547 praesentia.
1170 2459 1261 2542 Vale,

91 2565 283 2632 suavissime
312 2573 508 2650 praeceptor,
549 2573 688 2652 tuasque
719 2568 953 2634 amoenissimas
985 2567 1027 2633 ad
1058 2589 1109 2633 me
1146 2567 1263 2651 saepius

90 2670 139 2736 ire
163 2671 252 2737 sinae
275 2669 431 2736 literulas.
477 2671 622 2737 Plurima
652 2679 684 2738 te
708 2695 789 2757 puer
817 2678 929 2739 noster
953 2672 1145 2758 Onophryus
1168 2671 1183 2709 ⁴
1205 2671 1262 2737 im·

90 2777 195 2861 pertit
218 2775 366 2854 salutem,
390 2777 445 2861 qui
468 2777 593 2843 utinam
617 2778 678 2844 sub
703 2784 736 2843 te
760 2779 924 2862 magistro,
947 2783 1044 2864 teque
1061 2783 1261 2862 praeceptore

90 2882 131 2947 de
155 2879 409 2966 locupletissimo
434 2880 644 2968 effluentique
661 2884 807 2949 Castalio
830 2890 887 2950 tuo
911 2883 1008 2950 latice
1025 2904 1128 2968 aquas
1144 2887 1259 2967 potare

90 2985 264 3053 mellifluas
287 2986 462 3071 aliquando
486 2993 607 3071 posset.
646 2991 769 3055 lterum
792 2990 872 3070 vale,
896 2990 1065 3057 literarum
1090 2995 1124 3055 et
1146 2988 1261 3073 patriae

90 3098 214 3159 nostra
237 3092 345 3159 decus.
390 3093 440 3158 Ex
470 3094 613 3175 Basilea,
643 3094 798 3161 Kalendis
822 3095 1026 3177 octobribus,
1057 3097 1262 3162 ann01495.

183 3203 346 3262 Gedruckt:
373 3202 498 3263 1=C.
524 3221 549 3263 v.
575 3222 600 3263 o.
623 3200 742 3279 εἵως
769 3210 786 3266 2
809 3208 837 3266 J.
859 3223 886 3266 v.
909 3223 934 3268 e.
955 3203 1100 3280 flbsq.;
1126 3206 1143 3264 3
1170 3201 1258 3260 :Q

91 3326 118 3370 v.
136 3327 162 3371 e.
180 3309 209 3368 II
224 3307 273 3370 fol.
293 3310 437 3369 3723821.

664 3456 680 3493 a

166 3563 177 3611 l
199 3558 354 3630 principem]
378 3558 512 3613 Eberhard
535 3574 586 3612 von
611 3557 803 3625 Wlirtemberg.
878 3562 892 3608 2
913 3539 985 3610 fiber
1011 3551 1163 3608 Eberhards
1187 3552 1261 3606 erhe-

90 3645 166 3715 hung
185 3663 233 3699 zur
257 3649 460 3716 herzogswdrde
479 3650 532 3717 vgl.
559 3648 627 3700 oben
647 3664 668 3699 s.
688 3651 720 3697 47
741 3663 809 3699 anm.
832 3650 855 3699 1.
929 3649 944 3697 3
965 3645 1059 3697 Dicaea
1079 3642 1262 3695 drucklehler·

90 3736 271 3788 veraeichnise
284 3739 326 3800 ist,
345 3739 439 3789 soweit
450 3738 493 3789 ich
506 3738 577 3802 seha,
598 3742 650 3787 erst
664 3737 691 3786 in
711 3735 756 3787 der
769 3731 836 3786 oben
849 3749 906 3786 uro.
919 3732 1006 3785 XLVI
1021 3735 1036 3784 3
1050 3731 1261 3785 besohriebenen

90 3824 212 3892 ausgabe
231 3825 396 3892 abgedruokt
414 3826 529 3878 worden.
587 3830 604 3876 4
623 3824 781 3889 Onophryus
801 3825 883 3872 Brant
901 3821 1027 3872 studierto
1046 3821 1073 3871 in
1093 3820 1184 3882 Basel;
1204 3821 1262 3870 eina

91 3915 203 3965 vorredc
222 3931 255 3965 au
274 3915 324 3965 den
344 3915 482 3981 predigtcn
499 3914 565 3966 iiber
583 3914 630 3964 das
650 3912 825 3962 narrenschiff
842 3910 896 3960 und
915 3926 948 3960 zu
967 3909 1054 3960 seinos
1072 3915 1159 3958 vaters
1178 3906 1261 3956 werk:

92 4004 123 4052 lu
137 4002 184 4052 das
203 4003 281 4053 leben
302 4002 356 4052 und
375 4001 562 4069 tugendlichen
582 4000 754 4067 geschichten
773 3999 870 4065 keyser
889 3998 944 4049 Titi
962 3997 1118 4064 Vespasiani
1135 3993 1261 4044 1520f01.

92 4093 128 4140 ist
152 4105 205 4141 von
229 4089 292 4141 ihm.
331 4090 390 4157 Vgl.
419 4090 449 4140 Α.
475 4090 515 4142 W.
539 4088 655 4149 Strobel,
681 4087 801 4154 beitrage
826 4102 872 4138 zur
894 4085 1038 4137 deutschen
1062 4084 1182 4134 litaretur
1208 4079 1261 4129 und

91 4177 273 4245 literargesch.
299 4178 375 4228 Paris
398 4177 451 4228 und
477 4176 630 4243 Strassburg
656 4179 721 4227 1827
743 4192 763 4226 s.
786 4176 817 4224 15
838 4176 854 4226 l.
892 4172 1035 4225 Vielleicht
1059 4170 1105 4220 hat
1132 4167 1260 4219 Rouchlin

90 4268 118 4316 in
138 4267 209 4334 lolge
229 4267 315 4317 dieses
333 4265 430 4317 briefes
450 4264 500 4315 deu
520 4266 600 4315 Brant
619 4262 809 4330 aulgefordert,
833 4264 924 4315 seinon
943 4261 1009 4311 sohu
1029 4255 1188 4323 Onophryus
1206 4255 1260 4305 ihm

92 4370 125 4408 m
144 4354 281 4419 echichen,
299 4353 354 4421 egl.
373 4359 454 4406 nnten
472 4368 528 4406 nro.
548 4343 633 4405 LXIX
653 4368 721 4404 anm.
741 4355 766 4403 2.

118 4469 255 4516 aaronem
1033 4439 1051 4497 4
