2716 4898
617 544 728 610 LXXI.

159 683 298 749 stuttgart.
997 686 1029 735 26
1049 685 1120 753 Sept.
1143 689 1218 739 1500.

417 817 588 919 Capnion
607 817 746 917 Vigilio
767 819 933 895 salutem.

182 1000 252 1065 Tua
271 1001 281 1038 ¹
297 1000 330 1064 in
346 1020 396 1064 me
412 997 587 1079 voluntate,
612 1000 656 1063 mi
680 1001 901 1068 amantissime
925 1005 1030 1089 Vigili,
1053 1005 1125 1071 vide
1142 1006 1255 1090 quanti

90 1113 125 1171 te
170 1105 305 1170 faciam!
344 1104 425 1169 nihil
464 1103 544 1168 mihi
586 1111 661 1187 post
692 1104 818 1171 libellos
850 1115 884 1174 et
915 1110 1045 1176 chartas
1072 1110 1255 1195 jucundius,

87 1211 172 1276 nibil
195 1212 325 1276 suavius
358 1231 499 1294 unquam
524 1208 558 1292 id
582 1231 710 1293 semper
734 1212 878 1277 audienti
902 1236 942 1279 ex
966 1216 1113 1281 omuibus
1137 1217 1191 1300 qui
1215 1214 1258 1280 ad

90 1338 152 1382 nos
183 1316 280 1382 istinc
308 1315 440 1380 veniunt
468 1315 614 1398 egregrie
637 1321 671 1380 te
696 1315 735 1380 de
759 1317 852 1382 uobis
876 1319 1092 1387 sollicitudine
1115 1321 1198 1385 affici
1220 1327 1258 1386 ut

90 1421 268 1486 valeamus.
289 1443 291 1446 ’
315 1420 406 1498 Quod
431 1442 535 1504 nuper
553 1420 650 1485 etiam
667 1420 784 1486 nobilis
800 1422 988 1491 adolescens
1004 1426 1058 1491 ille
1074 1426 1258 1492 Lonchinus

91 1533 126 1592 et
150 1525 322 1610 Dionysius
354 1524 457 1590 irater
490 1547 590 1608 prope
615 1526 727 1590 testati
752 1533 835 1591 sunt.
887 1530 933 1594 Eo
958 1552 1028 1595 sum
1053 1531 1168 1596 duetus
1192 1552 1259 1595 ma·

90 1634 179 1697 xime
207 1637 245 1697 ut
267 1637 374 1697 vestro
398 1630 627 1709 contubernio,
652 1631 679 1695 si
703 1651 765 1697 non
790 1632 876 1697 omni
900 1641 1079 1715 momento,
1104 1643 1258 1720 atquem

92 1758 180 1821 saepe
206 1735 313 1821 quoad
336 1736 422 1815 licet,
445 1735 604 1801 interesse
629 1736 766 1819 cupiam,
790 1737 847 1803 ubi
870 1740 975 1804 acutis
999 1745 1031 1804 et
1054 1741 1183 1806 acribus
1213 1741 1260 1804 in·

93 1843 197 1925 geniis
221 1864 285 1906 non
307 1841 402 1907 modo
426 1840 609 1924 priscorum
634 1841 821 1924 dogmatum
845 1843 987 1909 thesauri
1012 1852 1184 1924 eruuntur,
1209 1866 1261 1910 ve·

93 1947 270 2013 rumetiam
309 1947 416 2012 aetatis
454 1951 575 2011 nostrae
615 1946 814 2013 meditantur
845 1949 990 2029 iuventa,
1026 1951 1083 2016 ubi
1110 1950 1190 2015 nihil
1211 1957 1260 2016 est

94 2073 233 2137 usquam
257 2052 308 2117 vel
332 2051 511 2117 divinarum
533 2050 585 2117 vel
608 2051 819 2119 humanarum
844 2077 952 2121 rerum
977 2057 1062 2140 quod
1090 2078 1153 2122 non
1175 2057 1261 2120 inter

95 2157 264 2224 foecundos
289 2157 405 2223 calices
430 2156 636 2222 Aristotelian
660 2179 749 2223 more
780 2159 811 2222 in
843 2165 1014 2245 utramque
1047 2167 1172 2245 partem
1198 2160 1258 2224 dis-

90 2267 241 2346 putetur,
265 2283 328 2346 quo
345 2263 510 2345 ingerere
528 2259 587 2345 (dii
604 2261 693 2344 boni)
712 2268 834 2347 quanto
850 2287 921 2330 cum
944 2265 1051 2331 studio
1069 2265 1230 2330 Andream
1249 2263 1261 2301 ²

97 2372 245 2433 nostrum
291 2367 381 2432 illum
423 2365 740 2450 philosophissimum
783 2368 941 2435 homiuem
983 2368 1262 2435 abundantissimo

98 2470 230 2538 dicendi
257 2472 402 2536 torrente
437 2492 475 2536 ao
507 2472 537 2535 ri
563 2473 719 2536 sermonis
743 2473 914 2556 praeditum
939 2474 1118 2540 audivimus
1143 2495 1263 2550 omnes,

99 2579 199 2643 etiam
222 2578 254 2641 in
279 2577 414 2642 multam
437 2582 564 2642 noctem
589 2577 631 2642 ab
656 2578 724 2660 ejus
748 2599 803 2642 ore
827 2579 1014 2661 pendentes,
1039 2601 1134 2663 quom
1159 2599 1224 2662 qua
1253 2577 1266 2616 ⁸

100 2683 141 2748 de
172 2704 208 2747 re
239 2681 346 2747 dicere
374 2681 465 2746 illum
494 2682 591 2747 libuit
628 2689 788 2766 perpetua
818 2684 964 2749 oratione
993 2705 1070 2749 usus
1104 2682 1265 2767 pulpitum

100 2786 295 2853 concederet
328 2787 456 2852 nemini.
501 2788 569 2870 Ego
603 2809 680 2853 vero
715 2788 868 2854 Arcesilae
901 2788 997 2854 modo
1036 2794 1069 2853 et
1105 2786 1276 2879 Carneadi

101 2897 217 2960 contra
240 2914 333 2958 omne
365 2890 451 2977 quod
482 2893 708 2976 proposuisset
739 2913 875 2958 conarer
908 2893 1075 2960 disserere.
1122 2891 1267 2957 Memini·

101 3000 187 3065 stine
212 2998 340 3083 quando
364 2998 541 3081 pugnantia
565 2997 630 3063 dua
655 3004 688 3063 et
711 2998 965 3065 contradictoria
988 2999 1021 3063 in
1044 3018 1107 3063 uno
1127 2996 1267 3081 quodam
1352 3023 1354 3028 ·

101 3105 261 3169 latissimo
284 3103 417 3169 instanti
440 3123 516 3168 vera
538 3124 609 3168 esse
632 3103 828 3185 statuebam,
853 3105 1025 3188 quantus4
1049 3103 1079 3166 ei
1095 3103 1179 3166 risus
1196 3120 1268 3166 cum

103 3209 317 3275 exclamaret:
340 3207 397 3273 ubi
420 3213 470 3275 est
485 3209 610 3274 instans
627 3209 848 3293 Capnionium.
887 3209 954 3274 Nec
976 3208 1093 3272 mirum
1118 3205 1205 3288 quod
1228 3205 1268 3267 de

103 3335 172 3380 suae
195 3314 351 3379 orationis
378 3312 510 3378 flumine
538 3319 607 3378 tam
631 3314 734 3379 multa
757 3313 933 3394 hausimus,
956 3334 1029 3378 cum
1052 3317 1141 3376 totus
1165 3308 1270 3374 flumi-

103 3419 200 3486 nibus
223 3424 359 3499 soateat,
382 3417 467 3484 unde
491 3422 646 3502 tanquam
671 3419 710 3484 de
734 3419 868 3502 spongia
891 3416 1147 3500 quandocunque
1172 3413 1270 3477 alter-

104 3527 270 3590 cationum
286 3524 463 3589 certamine
480 3525 711 3607 comprimitur.
750 3524 839 3588 Varii
857 3527 991 3586 manant
1006 3517 1269 3603 philosophorum

105 3631 166 3695 rivi
196 3631 283 3694 iuter
314 3629 482 3694 cacumina
511 3628 771 3693 doctissimorum
801 3627 959 3705 virorum,
997 3625 1081 3690 alter
1112 3623 1271 3707 Apollinis

104 3735 296 3810 Parnassus,
321 3755 361 3798 ex
383 3755 446 3816 quo
463 3733 605 3811 Tanaim,
629 3733 794 3811 Bactrum,
825 3731 1015 3814 choaspem,
1039 3729 1163 3807 ludum,
1194 3727 1272 3791 Ara·

101 3861 169 3905 ¹ren
199 3840 342 3922 ingentia
372 3838 506 3903 flumina
534 3837 648 3902 scribit
674 3836 866 3901 Aristoteles
889 3835 943 3899 ille
967 3834 1124 3917 Stagirita
1150 3834 1274 3913 impetu

105 3943 284 4029 profluere,
318 3943 402 4008 alter
431 3944 589 4008 orientem
620 3963 732 4007 versus
764 3939 948 4006 Promethei
977 3939 1155 4016 Caucasus,
1187 3935 1272 3999 unde

106 4049 223 4115 Phasis
244 4048 332 4114 lento
354 4047 456 4132 gradu
480 4045 629 4126 elabitur,
653 4046 737 4111 alter
762 4045 806 4112 ad
829 4043 1026 4110 occidentem
1051 4047 1162 4107 vertex
1178 4040 1275 4123 Pyre-

680 4238 698 4276 ’l‘

184 4345 324 4397 l'l'Var.
398 4341 724 4394 as‚0.nr0.nxv111.
803 4343 915 4407 aquom
935 4357 959 4404 q.
980 4343 1003 4388 2.
1077 4319 1276 4401 Aquantos2,

136 4461 271 4504 Rauenna
1050 4429 1067 4485 5
