2716 4898
611 267 678 336 239

72 455 122 523 uis
145 478 261 541 posses
283 457 424 523 minime.
470 457 635 543 Ejusmodi
664 480 724 544 ego
748 457 961 544 objectiones,
994 465 1177 545 praeceptor
1199 464 1235 527 et

72 561 161 628 rmice
184 561 387 644 dulcissime,
415 563 557 650 graviter
580 563 656 645 tuli,
686 586 746 631 nec
770 564 865 632 bodie
895 563 970 631 bilis
998 564 1078 630 mihi
1100 566 1234 651 quierit,

72 672 204 734 attamen
221 668 492 753 quemadmodum
508 676 624 753 postea
639 670 748 738 forsan
772 693 792 737 a
815 692 866 738 me
889 669 1041 756 accipies,
1065 694 1124 738 nec
1148 672 1234 739 enim

72 775 166 839 ›mnia
189 772 295 840 literis
312 779 385 839 tuto
402 777 658 842 committuntur.
704 777 829 862 Itaque,
853 776 1059 861 integerrime
1082 779 1140 858 vir,
1163 798 1235 863 gra·

72 877 220 945 issimum
243 879 360 946 feceris
383 887 417 945 et
447 879 575 947 domino
605 903 677 948 meo
706 882 799 948 abbae
831 888 865 948 et
894 881 1052 966 imprimis
1075 883 1177 963 mibi,
1207 882 1235 948 si

72 985 215 1052 certiores
238 1007 297 1053 nos
318 985 508 1066 reddideris,
531 988 609 1071 quid
633 987 821 1068 obtinueris,
845 987 924 1072 quid
946 988 1165 1072 reportaveris
1190 1009 1230 1054 ex

72 1087 159 1157 Urbe.
206 1092 295 1157 Areo
317 1092 450 1176 insuper
472 1092 587 1158 audire
611 1115 651 1159 ex
673 1099 723 1174 te,
748 1114 844 1178 quam
871 1092 956 1160 belle
979 1115 1077 1180 quam
1100 1094 1236 1161 comiter

74 1191 193 1262 babitus
216 1200 451 1281 susceptusque
474 1196 519 1263 sis
543 1197 661 1263 nedum
684 1219 704 1264 a
728 1198 893 1265 cardinale
917 1198 1088 1280 Grimano,
1119 1199 1236 1266 sedet

79 1300 319 1367 asanctissimo
349 1310 442 1384 patre
473 1309 586 1369 nostro
618 1304 726 1370 Leone
755 1304 905 1389 pontifice
937 1307 1078 1372 maximo
1109 1305 1165 1390 qui
1195 1304 1236 1372 de

80 1407 221 1486 praeclara
235 1406 293 1472 illa
309 1407 472 1473 Medicum
488 1407 612 1474 familia
628 1431 700 1495 quae
716 1410 873 1478 hactenus
888 1412 975 1478 viros
991 1411 1104 1479 doctos
1118 1411 1237 1477 mirum

81 1509 250 1579 mnodum
283 1512 368 1578 aluit
390 1519 424 1578 et
447 1512 540 1594 fovit,
571 1513 770 1582 descendens
797 1538 860 1583 non
892 1521 1001 1602 potest
1029 1537 1093 1582 non
1123 1515 1236 1582 doctos

81 1618 271 1704 emditosque
294 1617 394 1700 viros,
425 1619 513 1684 intra
544 1641 625 1705 qnos
654 1628 691 1687 tu
714 1622 798 1688 citra
831 1643 958 1688 omnem
981 1621 1236 1688 controversiam

78 1724 243 1810 princiqem
266 1724 394 1791 obtines
417 1724 538 1806 locum,
567 1748 693 1793 summa
717 1726 935 1794 benivolentia
958 1733 992 1793 et
1013 1724 1235 1792 munificentia

76 1831 227 1917 prosequi,
249 1831 454 1915 potissimum
478 1852 577 1916 quum
600 1838 694 1899 tanta
709 1840 746 1899 ut
769 1833 874 1899 fertur
896 1832 1046 1898 doctrina
1069 1836 1104 1898 et
1126 1830 1237 1898 litera-

74 1934 141 2002 tura
165 1937 298 2022 polleat.
343 1936 527 2004 Persuadeo
556 1944 666 2004 autem
695 1939 787 2019 mibi,
818 1946 852 2006 te
882 1938 987 2004 virum
1018 1939 1180 2004 eruditum
1204 1941 1238 2004 et

72 2033 220 2109 disertum
234 2063 274 2109 ac
293 2048 406 2110 nostra
421 2049 517 2110 aetate
534 2045 737 2111 omnifariam
750 2044 973 2111 doctissimum
990 2043 1234 2111 liberralissime

72 2137 454 2234 bonorificentissimeque
479 2151 589 2216 Romae
612 2157 808 2235 susceptum.
841 2151 890 2216 Tu
914 2149 1008 2217 velim
1032 2147 1072 2214 de
1096 2149 1146 2215 his
1171 2170 1238 2215 om-

72 2253 160 2322 utus
183 2278 244 2340 pro
268 2260 382 2321 nostra
404 2256 548 2322 amicitia
571 2256 662 2322 brevi
685 2256 858 2323 certiorem
881 2277 933 2322 me
956 2254 1084 2322 reddas.

155 2360 286 2427 Dudum
318 2361 360 2427 ad
394 2367 426 2427 te
456 2362 616 2428 dedissem
640 2364 770 2443 literas,
802 2363 829 2428 si
861 2383 924 2428 non
949 2362 1057 2427 Ilomae
1081 2365 1115 2427 te
1138 2379 1238 2445 agere

72 2466 286 2533 credidissem.
334 2465 456 2532 Vellem
489 2474 522 2533 te
552 2468 728 2554 aliquando
758 2470 791 2534 in
822 2467 940 2552 angulo
973 2467 1126 2552 quopiam
1151 2462 1238 2550 apud

72 2589 123 2639 ros
147 2571 358 2651 delitescere,
386 2578 424 2637 ut
447 2593 556 2639 coram
592 2573 706 2639 audire
736 2595 848 2659 posses
871 2592 968 2657 quam
993 2572 1111 2652 amice,
1140 2591 1238 2656 quarn

72 2676 241 2745 ronorifice
269 2677 322 2743 hic
352 2678 392 2743 de
422 2684 454 2744 te
488 2699 594 2745 sermo
623 2677 689 2745 fiat.
737 2679 801 2746 Sed
832 2684 865 2745 et
892 2699 944 2744 me
967 2677 1017 2743 tui
1040 2677 1177 2742 nominis
1199 2696 1239 2742 ac

72 2785 201 2852 sonoris
224 2805 295 2851 esse
318 2790 498 2850 amatorem
522 2785 655 2868 pariter,
681 2791 714 2850 et
741 2785 953 2866 defensorem,
976 2782 1027 2851 vel
1041 2783 1240 2868 precipuum

72 2912 131 2957 am
156 2896 248 2957 certo
271 2891 386 2957 credas
409 2911 507 2976 quam
531 2891 618 2976 quod
642 2891 868 2957 certissimum.

111 3005 117 3014 ‘
154 2996 319 3063 Caeterum
341 2995 428 3080 quod
452 2995 535 3063 libro
561 2996 772 3080 epistolarum
796 2995 958 3062 clarorum
982 2995 1123 3063 virorum
1146 3015 1237 3063 meas

72 3123 196 3189 {noque
219 3101 374 3187 epistolas
393 3103 404 3140 ¹
425 3102 569 3167 inserere
586 3101 735 3182 volueris,
759 3102 881 3185 gratias
904 3101 965 3167 tibi
980 3101 1086 3168 babeo
1109 3102 1240 3168 immor·

72 3209 159 3290 ales,
183 3229 248 3274 non
271 3207 360 3292 quod
375 3212 503 3272 tantum
518 3207 597 3272 mihi
612 3228 785 3289 assumam,
809 3212 846 3274 ut
869 3208 903 3273 in
918 3206 1080 3273 clarorum
1095 3206 1240 3273 virorum

72 3334 201 3382 numero
225 3313 323 3380 scribi
338 3334 474 3394 merear,
498 3312 556 3379 sed
571 3313 658 3398 quod
674 3313 749 3379 inde
765 3312 888 3399 liquido
905 3311 1086 3396 intelligere
1103 3331 1238 3395 possum

72 3442 164 3506 luam
189 3420 234 3486 sis
261 3419 340 3485 mihi
363 3420 508 3504 impense
531 3417 677 3486 affectus.
723 3418 804 3485 Vale
826 3419 919 3486 bene.
964 3416 1014 3482 Ex
1036 3416 1239 3502 Ottinpurra,

72 3525 228 3592 lominica
251 3526 415 3592 invocavit
440 3530 534 3590 1515.

154 3635 229 3696 Msc.
254 3636 405 3712 Ellenbop.
430 3637 480 3696 lib.
505 3635 534 3694 II
557 3635 640 3710 epist.
667 3636 708 3695 77
732 3633 781 3695 fol.
808 3634 881 3693 154.

580 3818 722 3888 CCVIII.

84 3902 89 3911 '
138 3909 282 3978 saurgan.
997 3905 1104 3958 anari
1127 3905 1203 3958 1515.

72 3979 232 4058 Ioannes
271 3979 456 4058 Reuchlin
496 3976 715 4059 Phorcensis
750 3977 826 4054 LL.
866 3976 996 4054 doctor
1034 3978 1242 4056 venerabili

422 4104 583 4180 Nicolao
611 4101 809 4203 Ellenbog,
839 4103 876 4180 S.

155 4210 318 4280 Redeunti
340 4211 419 4278 mihi
441 4233 526 4278 nunc
548 4210 675 4296 vesperi
698 4209 819 4277 donum
842 4231 882 4277 ex
904 4210 1077 4295 Tuwingen
1099 4208 1243 4276 reddidit

658 4317 677 4355 li

140 4395 153 4440 1
173 4393 206 4443 In
225 4392 274 4444 den
294 4390 321 4442 0.
341 4409 366 4442 v.
386 4407 407 4442 e.
426 4391 462 4442 ist
474 4406 525 4442 nur·
543 4390 585 4442 ein
605 4390 675 4442 brief
685 4388 827 4457 Ellenbogs
846 4387 913 4441 oben
927 4403 984 4442 nro.
998 4387 1081 4440 CXIII
1099 4385 1244 4444 enthelten.
