2716 4898
584 280 649 348 203

70 491 102 537 nr
132 469 199 539 diei
228 469 487 556 postmeridiana
510 470 553 537 ad
576 469 749 537 videndum
772 470 906 554 procedi
928 477 1043 538 contra
1065 473 1195 540 oculare

70 574 196 643 eonlum
215 575 373 643 Johannis
390 575 546 642 Reuchlin
564 576 737 642 Phorcen.“
769 577 885 662 Itaque
899 577 981 644 hora
998 579 1097 645 tertia
1113 580 1196 664 ejus·

70 704 100 748 m
113 680 179 747 diei
190 680 366 747 sessionem
375 681 538 765 publicam
551 681 736 747 habuerunt
751 681 784 746 in
794 681 919 749 ambitu
935 683 1079 750 ecclesiae
1096 685 1197 768 majo-

86 786 294 872 Moguntinae,
310 786 480 853 ubifrater
492 787 635 854 Jacobus
646 787 864 853 Hochstraten
878 788 929 854 vel
945 789 985 855 de
1001 789 1070 855 alta
1084 789 1197 875 platea

69 892 175 960 hibuit
190 892 344 959 articulos
368 892 438 959 loco
454 893 557 959 libelli
580 893 704 978 absque
728 892 794 959 ullo
811 894 1008 976 adversario,
1032 896 1084 963 cni
1099 895 1196 962 datus

69 1004 79 1065 t
102 998 261 1064 terminus
285 996 327 1063 ad
349 998 554 1083 probandum
577 998 629 1064 die
652 998 796 1064 crastina
822 999 1008 1066 immediate
1039 1002 1196 1086 sequenti,

69 1126 125 1173 ane
152 1104 235 1171 hora
266 1109 390 1170 octava.
444 1103 533 1170 Tunc
565 1104 678 1170 eodem
716 1104 768 1170 die
803 1106 962 1189 processit
990 1106 1033 1172 ad
1064 1108 1197 1174 testium

69 1209 304 1277 eminationem
339 1231 465 1292 eorum,
495 1232 577 1296 quos
613 1231 722 1276 seeum
757 1208 942 1278 adduxerat
975 1212 1099 1280 ordinis
1137 1215 1197 1294 sui,

70 1316 156 1382 mine
180 1315 384 1382 adversante.
430 1314 535 1401 Super
558 1338 622 1401 quo
646 1315 853 1400 praefixerunt
876 1319 1048 1384 terminum
1072 1319 1114 1385 ad
1142 1318 1198 1387 ho·

68 1444 98 1487 m
132 1423 262 1488 tertiam
293 1422 440 1508 ejusdem
469 1421 534 1487 diei
561 1421 848 1506 postmeridianam
871 1423 914 1489 ad
942 1423 1198 1491 concludendum

84 1549 193 1594 causa.
240 1528 311 1606 Qua
341 1527 422 1594 hora
445 1526 593 1593 veniente
622 1527 856 1608 concluserunt,
881 1529 967 1613 quia,
990 1536 1027 1595 ut
1050 1531 1199 1614 concupi-

68 1639 153 1714 rant,
176 1655 241 1698 non
263 1632 448 1699 habuerunt
470 1633 709 1714 adversarium3
742 1640 777 1699 et
800 1634 1066 1719 interposuerunt
1089 1635 1199 1702 decre-

67 1762 118 1819 m,
151 1738 230 1824 quid
260 1739 292 1804 in
326 1759 365 1804 ea
388 1760 487 1805 causa
511 1740 697 1805 conclusum
721 1745 807 1804 esset
830 1746 863 1805 et
885 1761 945 1824 pro
969 1740 1119 1807 concluso
1142 1740 1199 1806 ha·

70 1845 189 1913 ndum:
216 1850 416 1924 „statuentes
433 1846 605 1911 terminum
620 1866 679 1930 pro
696 1843 830 1911 ferenda
847 1848 1009 1913 sententia
1024 1845 1197 1928 definitiva,

67 1952 73 2018 l
96 1951 279 2037 proximam
303 1950 390 2016 diem
409 1951 616 2037 juridicam“.

119 2056 223 2135 Quam
239 2054 370 2141 quidem
386 2057 580 2123 sententiam
597 2060 630 2122 et
645 2055 747 2122 frater
766 2058 776 2095 ¹
799 2055 951 2139 lacobus,
975 2058 1030 2142 qui
1046 2057 1107 2124 fuit
1121 2079 1199 2143 pars

95 2161 310 2228 commissarii
340 2182 405 2228 una
433 2162 529 2228 simul
556 2162 680 2246 pariter
712 2184 822 2229 omnes
852 2163 939 2229 inter
966 2185 1001 2229 se
1025 2169 1140 2230 contra
1162 2163 1200 2229 li-

66 2267 153 2335 rllum
184 2289 291 2333 meum
324 2267 407 2333 clam
438 2272 665 2352 conceperunt,
696 2266 856 2348 videlieet,
880 2274 917 2334 ut
937 2266 1066 2354 publice
1090 2269 1201 2336 trade-

66 2380 120 2441 tur
142 2373 209 2457 igni
233 2373 479 2454 ccmburendus‚
502 2373 536 2437 in
560 2373 665 2439 medio
686 2373 749 2439 fori
765 2374 947 2458 Mogontia.
993 2374 1200 2459 Quapropter

66 2479 111 2545 ria
134 2478 234 2544 tertia
263 2479 409 2563 proxime
439 2478 644 2563 praecedente
673 2479 959 2564 promulgaverant
989 2479 1023 2544 in
1054 2480 1200 2546 ecclesiis

65 2585 159 2652 rblice
182 2584 401 2650 mandatum¹
425 2584 512 2668 quod
529 2584 712 2669 quicunque
728 2585 867 2652 haberet
889 2582 1043 2665 libellum,
1067 2585 1199 2651 oculare

66 2691 211 2771 eculnm,
239 2689 440 2756 nominatum
469 2690 605 2756 deberet
635 2688 753 2756 offerre
780 2690 824 2756 ad
854 2712 968 2756 manus
998 2689 1199 2775 inquisitoris

65 2796 92 2863 b
116 2817 215 2881 poena
236 2796 584 2862 excommunicationis.
631 2795 731 2862 Ortus
754 2802 805 2863 est
826 2796 925 2881 igitur
941 2817 1003 2862 non
1027 2795 1199 2862 mediocris

65 2902 191 2969 multus
222 2903 307 2967 inter
338 2901 508 2968 studentes
528 2901 612 2987 juris
636 2905 668 2967 et
692 2902 841 2968 doctores
865 2902 1022 2986 quosdam
1045 2903 1200 2969 universi-

65 3009 116 3090 tis,
140 3006 286 3093 aliosque
309 3006 431 3073 ibidem
460 3029 557 3092 quam
580 3006 736 3092 plurimos
764 3008 922 3074 dicentes:
955 3030 1009 3088 „se
1032 3029 1199 3094 nunqnam

64 3136 96 3181 m
119 3112 304 3180 maleficum
326 3134 514 3198 processum
545 3134 584 3179 ac
614 3120 682 3180 tam
704 3113 851 3199 iniquum
884 3113 1063 3194 audivisse,
1093 3136 1199 3200 neque

64 3220 157 3307 risse,
188 3219 244 3286 ubi
273 3225 445 3304 tantopere
475 3225 594 3286 cuneta
616 3219 903 3304 praecipitarentur
926 3242 1000 3286 cum
1023 3221 1142 3306 injuria
1166 3229 1199 3289 ct

87 3327 192 3413 ajunt,
215 3324 376 3391 nulliter.“
426 3323 495 3404 Quo
512 3325 592 3391 moti
608 3324 777 3391 reverendi
801 3332 835 3392 et
849 3325 1052 3392 venerabiles
1069 3327 1199 3408 domini,

64 3453 173 3500 :canus
197 3437 231 3497 et
253 3431 431 3516 capitulum
455 3430 599 3497 ecclesiae
623 3430 828 3512 cathedralis,
853 3430 1055 3496 conabantur
1070 3432 1113 3497 ad
1128 3431 1199 3512 hoc,

86 3537 178 3623 apud
194 3537 324 3603 eosdem
341 3537 556 3620 impetrarent
571 3536 808 3622 aliquantulam
824 3535 1012 3601 dilationem
1028 3538 1199 3603 sententiae

64 3649 195 3728 nceptae
223 3643 300 3728 quia
335 3649 506 3727 sperarent
536 3642 579 3708 ad
615 3643 738 3727 scripta
767 3662 878 3707 eorum
907 3661 958 3705 me
982 3641 1199 3726 personaliter

64 3755 211 3829 uturum,
247 3755 323 3814 tunc
347 3749 467 3815 vellent
496 3748 536 3814 de
565 3748 679 3815 mediis
703 3747 881 3814 concordiae
909 3748 1051 3832 cogitare
1073 3748 1107 3814 in
1130 3770 1200 3815 rem

64 3856 201 3940 riusque
224 3855 338 3939 partis.

117 3961 355 4028 Praedicatores
378 3966 489 4027 autem
508 3961 578 4046 jam
601 3960 847 4046 divulgaverant
869 3980 920 4024 me
944 3980 1107 4045 nunquam
1128 3981 1200 4027 esse

62 4073 213 4148 vntnrum,
234 4088 293 4132 nec
308 4089 360 4133 me
376 4067 497 4134 audere
512 4067 642 4135 illorum
658 4066 767 4132 vultus
782 4065 947 4150 aspicere;
970 4085 1071 4150 quare
1087 4085 1201 4150 accep·

62 4179 143 4242 runt
166 4173 303 4239 candem
326 4173 515 4240 dilationem
539 4172 700 4258 usquead
717 4175 869 4256 quartam
892 4169 1008 4237 feriam
1023 4175 1097 4257 post
1113 4169 1200 4238 diem

597 4320 614 4358 a

105 4417 115 4465 l
138 4411 243 4463 Fratres
265 4417 286 4464 1.
358 4415 372 4461 2
394 4408 557 4483 mundatum]
578 4426 638 4470 vom
658 4413 674 4470 8
693 4410 820 4468 Oktober.
859 4410 926 4462 Acta
945 4410 966 4461 B
986 4409 1030 4461 iiib
1050 4410 1068 4464 f.
