2716 4898
649 278 717 344 240

97 465 325 552 quadrigarius
346 466 402 532 ille
415 478 491 533 tuas
512 465 636 545 literas,
659 466 819 548 celeriter,
844 475 882 534 ut
896 467 1020 552 ajebat,
1036 467 1189 552 abiturus,
1201 492 1245 538 uso

99 573 184 636 enim
207 572 307 637 ullam
329 573 400 656 pati
424 594 549 638 maram
572 595 608 638 se
629 595 727 656 posse
750 571 977 657 profitebatur.
1014 575 1123 654 Quare
1145 597 1245 643 omnem

98 698 204 743 muse
215 698 296 742 meae
311 690 434 743 statum
449 677 493 742 ad
509 690 542 742 tc
554 678 758 762 perscribere
770 679 909 764 nequivi,
925 686 1001 764 eget
1016 681 1103 746 enim
1117 687 1244 768 tempore,

98 783 143 849 ad
164 805 325 848 summum
348 792 459 848 autem
481 785 528 848 sic
550 783 680 849 habeto.

186 888 417 956 Adversarium
439 911 547 954 meum
562 890 698 954 Pmmam
717 891 812 955 citari
836 891 908 970 feci,
932 896 970 956 ut
989 897 1176 975 compareat
1192 914 1244 976 per·

98 994 268 1073 sonaliter,
299 994 358 1060 sed
385 1017 446 1078 ego
475 994 694 1060 benivolentia
716 997 814 1061 curiae
836 996 999 1062 admissus
1034 1018 1122 1076 sum,
1153 1005 1185 1064 ut
1202 1019 1244 1080 per

96 1110 326 1184 procuratores
348 1121 438 1165 meos
459 1111 494 1165 et
514 1121 645 1184 agerem
669 1109 704 1166 et
726 1101 974 1185 responderem,
998 1123 1059 1186 ego
1082 1124 1157 1168 vero
1177 1103 1242 1168 domi

96 1227 177 1271 meae
207 1228 381 1272 manerem
430 1206 524 1285 Quod
554 1206 630 1270 mihi
668 1208 701 1271 iu
732 1208 906 1272 maximam
933 1214 1062 1291 partem
1092 1209 1242 1292 gratiamn

96 1320 224 1396 reputo.
253 1313 368 1397 Itaque
385 1314 519 1378 immam
542 1334 605 1377 nou
627 1313 680 1391 ivi,
703 1311 762 1377 sed
784 1320 900 1378 contra
921 1313 1147 1379 adversarium
1161 1315 1237 1399 quina

98 1417 253 1483 milliares
283 1422 418 1484 omnes¹
449 1440 502 1483 me
536 1418 672 1484 absente
701 1426 931 1502 procuratores
960 1418 1026 1484 mei
1059 1425 1094 1485 et
1120 1419 1240 1485 advocati

97 1524 274 1589 secundum
296 1525 433 1590 formam
450 1525 536 1608 juris
557 1532 671 1608 agunt;
698 1525 890 1608 inquisitore
916 1525 1136 1608 personaliter
1158 1527 1240 1591 Rome

96 1631 273 1695 constituto
296 1632 462 1696 citationis
477 1631 681 1695 necessitate
717 1630 896 1715 Coeperunt
910 1631 1021 1697 Romae
1037 1631 1240 1697 continentiam

97 1757 204 1802 causae
218 1737 372 1816 dividere,
394 1745 431 1802 ut
457 1737 541 1802 alius
556 1744 644 1802 esset
659 1735 738 1800 mihi
759 1735 857 1802 datos
866 1736 969 1820 judex
983 1737 1241 1804 reverendissimus
1277 1806 1280 1835 1

97 1842 286 1923 Grimanus,
314 1843 400 1908 alius
421 1842 540 1909 lacobo
563 1841 756 1921 Hochstrat,
785 1842 870 1908 alius
893 1841 1029 1908 Arnoldi
1052 1842 1094 1909 de
1118 1842 1239 1928 Tungari,

96 1949 180 2014 alius
202 1949 405 2033 theologistis
427 1949 570 2034 reliquis
616 1947 680 2013 Sed
703 1949 794 2031 Papa
816 1948 937 2013 certior
959 1947 1068 2014 faetus
1091 1948 1131 2014 de
1152 1949 1239 2015 adver·

96 2055 257 2119 sariorum
279 2054 355 2120 dolo
378 2056 509 2132 astutia,
532 2054 677 2120 versutia
696 2062 730 2118 et
745 2053 935 2136 deceptione
951 2057 1118 2122 revocavit
1139 2073 1239 2123 omnen
1278 2090 1280 2115 ι

92 2159 351 2242 jurisdictionem
365 2160 407 2225 ab
423 2160 571 2226 omnibus
586 2160 715 2225 illorum
725 2159 891 2243 judicibus
914 2160 961 2225 eis
985 2159 1073 2227 datis
1089 2170 1123 2228 et
1137 2181 1240 2243 surrsp·
1278 2160 1280 2211 ἓ

97 2266 169 2330 titis
192 2267 396 2350 impetratis,
420 2275 588 2350 totamque
620 2286 752 2330 causam
777 2286 848 2330 eam
872 2267 1113 2350 emergentibus
1134 2263 1239 2334 adnexis

97 2380 132 2437 et
161 2373 314 2438 connexis
345 2380 413 2437 tam
441 2394 547 2437 meam
580 2379 696 2436 contra
733 2372 955 2452 adversarios,
997 2396 1096 2460 quam
1136 2373 1238 2440 illorum

97 2486 211 2544 contra
241 2500 292 2543 me
320 2477 407 2544 ultro
439 2479 587 2562 citroque
611 2478 773 2543 commisit
795 2477 959 2545 Sanctitas
982 2500 1043 2544 sua
1075 2501 1146 2546 meo
1162 2472 1238 2564 judici

95 2584 258 2664 Grimano,
280 2585 435 2669 adjuncto
456 2583 725 2650 reverendissimo
748 2582 915 2649 Cardinali
937 2607 962 2650 s.
987 2585 1155 2667 Eusebii,²
1191 2581 1237 2646 viro

91 2691 176 2773 juris
210 2691 422 2774 peritissimo,
457 2698 491 2756 et
521 2699 636 2774 erepta
669 2696 720 2755 est
745 2688 973 2773 jurisdictioe
1011 2688 1157 2756 saucibus
1183 2687 1238 2754 Osr-

96 2796 213 2863 dinalis
247 2795 441 2861 Bernardiui
475 2818 500 2861 s.
545 2796 651 2861 crucis
688 2794 743 2878 qui
779 2795 925 2878 proxime
961 2794 1025 2861 fuit
1065 2795 1185 2880 legatus
1215 2790 1237 2854 in

96 2900 288 2967 Alemannis
304 2909 337 2967 et
352 2902 537 2986 hospitatus
550 2908 600 2967 est
615 2899 704 2984 apud
720 2901 951 2983 predicatores
967 2900 1109 2967 Coloniae
1123 2902 1153 2966 iu
1167 2914 1236 2985 quen

96 3027 223 3072 omnem
254 3006 406 3073 fiduciam
428 3029 521 3073 suam
543 3006 760 3083 collocarunt,
802 3007 880 3091 quia
903 3006 1004 3072 etiam
1035 3006 1184 3074 themista
1201 3006 1235 3068 est

96 3117 131 3176 et
162 3112 241 3177 nihil
271 3114 333 3180 scit
367 3115 400 3179 in
428 3115 511 3198 jure.
566 3112 709 3198 Ideoque
744 3112 864 3178 dicitur
891 3133 964 3179 esse
991 3112 1097 3180 hostis
1124 3111 1237 3179 omnium

90 3217 294 3303 juristarum.
348 3220 444 3284 Eruit
470 3219 569 3303 igitur
600 3241 651 3284 me
681 3218 884 3303 omnipotens
914 3219 1003 3285 Deus
1036 3241 1077 3285 ex
1113 3214 1237 3285 dentibus

94 3324 182 3391 illius
205 3325 261 3410 qui
283 3347 335 3390 me
357 3323 495 3403 fidelem,
520 3331 558 3390 ut
580 3345 686 3408 spero,
710 3345 838 3390 servum
854 3346 948 3391 suum
971 3346 1033 3390 non
1051 3321 1236 3408 derelinquet

184 3431 358 3515 Superiore
375 3430 429 3496 die
451 3431 551 3496 missa
571 3436 621 3496 est
637 3430 714 3495 milri
733 3431 832 3496 Roma
851 3428 1001 3496 inhibitio
1016 3438 1131 3497 contra
1151 3440 1237 3495 omnes

94 3535 322 3603 molestatores
345 3558 443 3614 meos,
466 3558 506 3600 ne
529 3535 602 3620 quis
624 3535 749 3620 aliquid
773 3535 871 3601 verbo
894 3535 944 3601 vel
967 3524 1067 3620 opere
1090 3531 1237 3618 attemptet

94 3649 208 3708 contra
232 3663 282 3707 me
305 3649 339 3707 et
354 3641 481 3708 libellos
496 3662 594 3721 meos,
617 3648 686 3707 tam
703 3640 832 3707 oculare
848 3639 1015 3725 speculum
1032 3663 1130 3726 quam
1151 3638 1236 3706 delen·

97 3747 219 3813 sionem
251 3769 357 3812 meam
387 3746 447 3812 sub
471 3747 575 3830 poenis
598 3749 741 3813 omnium
765 3767 974 3813 censurarum
997 3747 1198 3823 nominatim,
1215 3743 1237 3804 el

95 3852 201 3921 adbuc
231 3853 292 3919 sub
320 3874 417 3937 poena
444 3854 543 3918 trium
573 3853 708 3919 millium
737 3852 929 3918 ducatorum
952 3853 1024 3918 auri
1047 3875 1107 3936 pro
1130 3845 1237 3918 dimidia

94 3965 190 4043 parte
214 3979 351 4024 camerae
373 3958 561 4042 apostolicas
594 3964 629 4023 et
651 3957 777 4042 reliqua
800 3956 933 4023 dimidie
954 3957 1035 4024 mihi
1056 3959 1120 4042 ipsi
1140 3947 1238 4042 persol-

94 4063 281 4131 vendorum.
327 4064 407 4130 Eam
447 4062 673 4130 inhibitionem
708 4063 894 4147 imprimere
933 4061 1018 4130 facio
1050 4069 1085 4130 et
1120 4055 1236 4130 solonis

666 4207 684 4246 *

169 4321 180 4367 1
202 4316 279 4369 Disse
307 4314 555 4369 unverstttndliohsn
587 4320 675 4380 morte,
707 4330 783 4368 mser.
869 4315 978 4371 2Peter
1008 4315 1161 4372 Ankonitan
1187 4306 1236 4364 olon

95 4416 153 4457 nro.
172 4403 259 4460 CCIV.
