2716 4898
651 273 714 338 333

79 463 278 543 obtutibus,
302 471 425 548 quanto
442 461 598 546 ampliore
616 462 749 528 fulcitur
774 462 912 545 Virginis
936 462 987 529 dei
1004 459 1168 547 genitricis
1190 479 1272 544 prae-

79 570 198 648 conio,
224 568 318 654 cujus
342 591 400 652 ego
435 589 498 633 non
529 567 681 634 adulator
705 577 741 634 ut
763 567 864 652 aliqui
888 566 1083 651 nugigeruli,
1115 565 1173 632 scd
1198 586 1272 632 rere

80 674 254 740 laudator
278 697 349 740 esse
373 674 478 758 cnpio.
525 673 597 738 Erit
620 681 730 739 autem
760 680 834 739 voto
858 694 930 738 meo
953 670 1103 757 quaedam
1126 670 1268 736 accessio

81 779 207 864 gaudii
233 779 327 864 longe
361 779 503 856 maximi,
536 779 564 843 si
597 800 739 861 sensero,
762 779 987 844 munusculum
1011 777 1072 843 hoc
1096 776 1182 862 quod
1205 797 1269 840 non

81 887 119 951 in
146 885 371 952 Kalendarum
396 891 539 950 strenam
563 883 619 950 sed
644 884 793 951 amicitiae
817 885 957 951 Xenium
987 884 1050 950 tibi
1071 891 1192 968 tuoque
1215 902 1271 949 no·

84 991 173 1056 mini
200 991 317 1057 dedico
341 991 501 1075 placuisse
526 995 562 1054 ut
590 991 622 1054 in
655 1011 759 1073 parvo
782 990 913 1074 speculo
943 1012 1093 1076 magnum
1118 988 1270 1055 donantis

84 1095 247 1163 affectum
271 1096 478 1180 conspiceris.
504 1094 583 1160 Vale
607 1093 758 1162 foeliciter
774 1096 824 1162 ΚΙ.
841 1096 1024 1162 lanuarias.
1049 1097 1140 1161 Anno
1162 1096 1269 1160 1521ι

90 1202 306 1286 Stntgardiae.

196 1310 520 1372 Ged1·u'ckt:=Sermo
537 1312 633 1370 Procli
642 1311 774 1385 Cyziceni
785 1313 829 1372 ed.
839 1313 978 1372 Rouchlin
988 1330 1013 1371 o.
1024 1312 1057 1371 Ο.
1071 1329 1098 1370 u.
1107 1311 1135 1369 J.
1154 1305 1187 1370 4⁰
1204 1309 1270 1373 Ar.

616 1435 755 1503 COOIII.

133 1527 286 1593 Tubingen.
1002 1531 1053 1592 ‚ra
1072 1525 1135 1577 aaa.
1157 1529 1233 1579 rear.

95 1615 294 1691 lohannes
320 1613 504 1689 Reuchlin
529 1614 767 1711 PlrorcensiS,
795 1614 929 1688 artium
956 1614 1164 1688 liberalium
1190 1638 1270 1688 ma·

95 1740 211 1838 gister
236 1751 272 1812 et
295 1737 543 1838 imperialium
570 1739 694 1837 legum
714 1738 854 1834 doctor,
877 1737 1032 1811 Thomas²
1051 1735 1268 1831 Anshelmo,

417 1861 611 1960 praestanti
629 1860 784 1936 librario
802 1868 831 1935 s.
852 1890 889 1961 p.
912 1860 946 1934 d.

191 2009 270 2074 Cum
296 2031 313 2074 e
338 2008 488 2092 Bojcrum
514 2007 712 2093 Angelopoli,
737 2009 871 2094 antiqua
894 2008 958 2073 divi
983 2008 1110 2074 Claudii
1134 2004 1270 2088 colonia,

95 2136 196 2200 quam
236 2113 530 2199 cognoscendarum
575 2113 801 2199 principalium
840 2113 1020 2198 linguarum
1067 2113 1268 2179 documentis

94 2219 227 2306 publice
252 2219 467 2300 illustrabam,
492 2219 521 2284 vi
546 2241 637 2284 saeuae
660 2219 850 2304 pestilitatis
874 2241 978 2285 essem
1002 2219 1108 2285 redire
1126 2224 1267 2299 coactus,

95 2326 127 2391 iu
154 2325 297 2411 patriam
322 2324 452 2391 tandem
487 2325 569 2392 bene
600 2331 764 2410 pacatam,
797 2325 853 2391 nbi
871 2326 940 2409 jam
987 2330 1056 2389 tum
1080 2323 1198 2390 seditio
1222 2322 1271 2388 fa·

95 2453 163 2498 mes
187 2431 322 2517 luesque
347 2438 554 2497 cessaverant
586 2438 620 2496 et
654 2431 686 2495 iu
718 2453 833 2497 nomen
862 2430 971 2496 Caroli
1000 2431 1026 2494 V
1051 2423 1270 2496 Romanorum

93 2537 307 2622 Imperatoris
331 2538 427 2603 electi
451 2538 598 2623 juratum
630 2537 747 2618 iuerat,
777 2537 931 2603 constitui
965 2557 1090 2602 mecum
1113 2535 1193 2620 ipse,
1216 2555 1269 2602 me

95 2649 128 2708 et
150 2643 328 2727 fatigatum
352 2641 528 2722 laboribus,
558 2648 591 2708 et
621 2642 713 2709 annis
737 2643 866 2722 fessum,
892 2642 978 2727 quod
1002 2641 1109 2707 aetatis
1133 2639 1270 2707 daretur

93 2749 282 2833 reliquum²
306 2749 339 2814 id
363 2749 394 2814 in
419 2748 523 2814 libera
547 2748 655 2833 quiete
680 2769 879 2827 consumere,
903 2769 941 2813 ac
964 2746 1163 2832 Epimenidis
1186 2745 1268 2812 velle

95 2876 241 2920 somnum
267 2854 418 2920 dormire.
449 2853 718 2938 Quandoquidem
747 2853 880 2920 videbar
904 2854 981 2920 mihi
1005 2854 1046 2920 ab
1071 2853 1267 2939 optimarum

95 2960 317 3026 doctrinarum
343 2960 508 3039 osoribus,
540 2959 603 3024 illis
636 2960 792 3026 librorum
823 2959 1029 3026 incendiariis
1058 2982 1097 3025 ac
1120 2959 1267 3026 invisori-

92 3066 152 3132 bus
177 3067 268 3144 meis,
293 3067 348 3150 qui
373 3087 496 3131 omnem
516 3067 762 3150 exuperantiam
786 3067 916 3133 virtutis
939 3065 1087 3147 oderunt,
1112 3066 1192 3133 satis
1216 3087 1268 3133 su·

91 3193 216 3256 perque
241 3172 289 3236 vel
316 3193 419 3256 usque
444 3170 486 3236 ad
503 3172 634 3238 taedium
659 3180 693 3237 et
709 3194 863 3238 nauseam
881 3178 1014 3239 vexatus
1039 3180 1072 3238 et
1094 3172 1137 3238 ab
1153 3170 1268 3238 eadem

91 3284 188 3362 gente
214 3277 410 3356 Pharisaica,
441 3299 511 3361 quae
545 3277 590 3360 (in
621 3277 739 3343 malam
772 3277 855 3363 rem)
885 3287 997 3344 nostra
1024 3276 1126 3362 pollet
1159 3282 1266 3358 aetate,

92 3405 130 3449 ac
156 3383 265 3449 omnia
289 3383 413 3467 polluit,
430 3389 585 3467 tanquam
602 3383 835 3448 Hebraiearum
859 3383 1027 3449 literarum
1044 3385 1266 3467 protomartyr

89 3489 279 3554 immolatus
296 3496 411 3567 tortus,
427 3495 541 3568 tostae,
558 3489 700 3553 laniatus
717 3497 749 3554 et
761 3487 934 3568 laceratus,
950 3510 1023 3554 cum
1038 3479 1266 3553 nonnullorum

90 3594 261 3680 applausu,
275 3617 355 3679 quos
364 3595 536 3660 infelicitas
547 3594 665 3678 genuit,
679 3593 871 3678 improbitas
880 3594 970 3674 aluit,
982 3594 1128 3660 adulatio
1139 3599 1264 3660 susten-

89 3701 174 3766 tavit
188 3708 220 3766 et
236 3701 374 3766 avaritia
386 3700 418 3764 in
432 3700 607 3766 altissimos
618 3700 765 3784 provexit
775 3698 907 3783 gradus.
941 3697 1266 3784 Decreveramigitur
1298 3695 1301 3700 ’

89 3813 184 3871 extra
201 3806 340 3886 turbam,
364 3813 551 3891 contempta
566 3806 778 3890 plurimorum
796 3807 1053 3886 conversatione,
1077 3811 1265 3890 contempta

90 3911 190 3978 etiam
222 3933 416 3995 pancorum,
442 3912 507 3978 otio
539 3933 610 3977 meo
640 3919 764 3978 secrete
791 3935 850 3998 per
877 3911 956 3992 frui,
986 3934 1050 3998 qno
1080 3910 1160 3976 nihil
1193 3931 1266 3977 esse

89 4015 219 4082 dulcius
242 4017 375 4084 literato
405 4017 492 4083 duxi.
539 4018 581 4082 Et
604 4023 752 4102 poteram
780 4024 849 4084 tum
872 4017 905 4083 id
935 4016 1064 4103 quidem
1087 4015 1263 4084 liberrime.

669 4124 686 4160 a

165 4217 174 4262 1
200 4212 267 4262 Dese
282 4211 338 4262 dies
353 4212 397 4262 der
412 4216 443 4261 25
459 4213 521 4263 Dec.
541 4214 603 4263 1521
620 4215 676 4263 sein
690 4230 770 4275 mnes,
785 4215 819 4263 ist
831 4212 904 4280 klur3
928 4218 994 4266 1520
1009 4230 1061 4263 avar
1075 4211 1204 4264 Reuobliu
1217 4227 1263 4263 nm

88 4300 161 4352 diese
181 4300 234 4351 aeit
251 4300 322 4352 noch
344 4301 372 4351 in
389 4299 545 4368 Ingolstadt.
583 4301 636 4353 Dor
663 4301 811 4354 arulonthalt
829 4302 856 4351 in
878 4301 1009 4368 stuttgart
1028 4302 1062 4353 ist
1082 4299 1132 4361 nol
1152 4315 1201 4359 nur
1221 4300 1265 4355 eiu

87 4387 297 4459 gelegentlicher
327 4405 377 4441 von
407 4389 549 4457 l'iibingcn
581 4405 636 4442 aus.
720 4395 734 4441 2
762 4389 912 4458 Reliquium
936 4395 957 4448 1.
