2716 4898
648 244 713 312 359

93 439 235 505 maxima
258 461 318 524 pro
342 445 436 525 parte
467 439 572 506 bonus
602 444 665 517 est,
697 441 855 522 sequetur
876 437 938 505 Dei
967 440 1091 507 monita
1121 441 1177 528 qui
1204 441 1264 508 ait:

94 545 189 610 Beati
211 545 345 630 pacifici,
369 545 520 631 qnoniam
543 545 601 611 filii
618 545 677 610 Dei
702 543 916 626 vocabuntur3
939 551 1113 614 veneretur
1135 554 1265 614 sanctos

94 651 225 734 angelos
256 659 425 717 canentes:
456 658 490 717 et
521 652 647 717 interea
679 671 744 734 pax
775 650 958 717 bominibus
985 655 1005 718 ¹.
1052 651 1124 719 Cito
1154 658 1264 720 autem

91 765 192 841 atque
216 759 281 823 cito
305 759 492 842 interponat
515 756 695 822 amicabilis
721 755 839 822 arbitri
864 758 948 823 vices
972 763 1063 824 etse
1086 764 1180 843 gerat
1200 778 1267 825 me·

94 862 263 928 diatorem.
309 863 467 929 Polliceor
491 863 605 928 ducem
630 868 776 927 nostrum
801 862 955 948 quicquid
979 863 1151 930 dictaverit
1173 863 1266 930 obse·

92 977 279 1052 quuturnm.
320 970 368 1034 Tu
391 979 476 1048 vero,
505 969 623 1052 Georgi
647 967 841 1034 amicissime
865 969 1016 1049 omnium,
1039 969 1264 1055 frequentibus

91 1073 243 1158 precibus
264 1075 352 1139 insta
375 1080 557 1159 opportune
578 1074 772 1158 importune,
795 1079 832 1139 ut
852 1073 989 1140 illustris
1005 1073 1071 1141 dux
1086 1097 1159 1142 cum
1174 1096 1264 1161 spec-

91 1179 249 1245 tabilibus
278 1179 484 1246 senatoribus
516 1180 583 1246 suis
614 1181 743 1264 utrique
772 1180 860 1264 parti
884 1179 1016 1247 scribat.
1062 1179 1148 1247 Nihil
1172 1202 1264 1248 sanc·

91 1285 157 1351 tius
181 1285 288 1351 facere
311 1285 433 1371 poteris
465 1285 544 1351 nibil
571 1287 639 1351 Deo
663 1284 849 1364 amabilius,
883 1291 920 1352 ut
949 1285 1105 1352 delendas
1128 1285 1264 1353 Christi·

91 1413 171 1456 anos
194 1391 339 1457 homines
363 1413 383 1456 a
406 1392 491 1457 tanti
513 1390 677 1457 homicidii
702 1391 936 1468 vicissitudine,
969 1413 989 1456 a
1012 1397 1105 1458 tanta
1136 1390 1263 1458 christi·

90 1497 145 1561 ani
170 1496 183 1536 ⁸
206 1498 373 1582 sanguinis
402 1497 598 1580 profusione.
645 1498 695 1562 Ila
719 1497 844 1562 veniam
870 1496 891 1562 ³.
914 1498 1071 1563 Desertus
1099 1519 1168 1564 sum
1198 1520 1261 1566 non

92 1603 245 1668 disertus.
287 1602 367 1669 Vale
384 1604 596 1688 Stnttgardire
618 1602 722 1688 pridie
743 1602 816 1668 idus
832 1600 1041 1696 Septembris,
1063 1625 1149 1670 anno
1167 1609 1262 1671 1519.

585 1710 635 1775 Jo.
660 1706 832 1788 Reuoblin,
856 1706 1066 1789 Phorcensis,
1089 1708 1122 1775 ll.
1146 1708 1216 1777 doc.

180 1819 369 1880 Handschrilt
390 1821 443 1879 des
466 1821 579 1880 Berner
600 1818 820 1891 saesarchiis,
844 1818 985 1893 Epistola
1008 1819 1096 1878 vuriae
1111 1819 1195 1881 xvn
1209 1818 1259 1880 iol.

91 1929 133 1984 48
156 1925 196 2000 fg.

667 2044 684 2083 *

166 2137 177 2182 1
194 2132 306 2184 Hieroni
322 2134 387 2184 zwei
406 2133 621 2187 durchstriebene
638 2139 720 2186 verte
738 2133 765 2185 in
783 2131 829 2183 der
847 2132 1022 2185 handeolrrift.
1077 2137 1091 2183 2
1110 2133 1162 2185 Die
1178 2132 1261 2186 bend·

90 2223 198 2274 schrift:
218 2228 291 2274 tante
308 2222 467 2304 chricti2n03
487 2223 551 2275 liber
571 2222 629 2274 dem
648 2239 664 2272 o
683 2222 752 2273 steht
770 2221 833 2272 eber
851 2221 894 2272 ein
919 2220 1024 2288 ipunkt.
1083 2220 1161 2272 anie
1178 2221 1260 2273 banel-

89 2310 184 2363 eohrift
203 2309 249 2362 hat
266 2310 379 2361 reniam.
