2790 4882
659 252 724 317 122

110 439 264 522 formam,
287 447 373 507 esset
395 446 505 507 tamen
531 440 706 507 admodum
728 441 860 508 necess‘e
888 448 957 508 tum
980 448 1115 529 propter
1138 463 1276 528 graecam

109 555 180 614 tum
208 547 307 614 etiam
337 547 525 613 hebraicam
558 547 822 632 chaldaicamque
860 549 1000 632 linguam
1042 550 1114 615 aliis
1144 570 1275 635 quoque

110 653 289 735 abundare,
323 653 420 739 quod,
455 652 609 733 arbitror,
638 651 709 718 fieri
742 661 862 738 posset,
897 656 924 719 si
958 655 1046 738 apud
1080 661 1113 719 te
1135 654 1275 721 Basileae

111 782 227 842 essem,
249 760 306 826 ubi
328 761 510 846 praesertim
534 780 661 824 sacram
684 761 880 844 scripturam
903 760 1015 825 Graece
1039 760 1153 824 melius
1170 760 1276 842 copio-

112 868 242 952 siusque
265 866 453 933 invenirem.
497 865 592 931 Unde
606 865 684 930 mibi
699 867 812 949 ingens
826 865 960 931 incessit
975 865 1136 949 cupiditas
1153 864 1277 930 visendi

112 973 172 1053 tui,
186 972 284 1058 idque
301 993 373 1037 cum
390 971 473 1056 Cyro
490 969 601 1036 ducali
616 970 787 1036 tabellario
805 975 814 1010 ¹
831 970 939 1038 verbis
955 971 1195 1050 communicari,
1219 970 1277 1036 sed

112 1078 232 1146 accidit
253 1076 423 1144 iufirmitas
441 1077 454 1114 ²
475 1077 629 1142 ictericiae
653 1076 826 1156 hactenus,
850 1099 921 1161 quae
950 1084 1075 1155 tamen,
1105 1082 1144 1141 ut
1171 1097 1276 1161 spero,

112 1184 284 1250 fuuctaest
297 1182 408 1262 officio,
418 1188 534 1248 taraus
542 1183 644 1248 mead
656 1183 782 1249 futuras
792 1183 944 1249 thermas.
970 1183 1053 1261 Quid
1063 1182 1277 1266 multis?ape-

109 1291 160 1356 rio
169 1288 231 1354 tibi
240 1289 382 1354 animum
397 1310 515 1368 meum,
535 1295 738 1373 quemautea
753 1291 937 1374 cognovisti.
975 1289 1053 1369 Scis,
1077 1309 1128 1353 me
1145 1287 1277 1353 anxium

109 1400 245 1480 propter
261 1400 425 1478 erogatam
440 1395 627 1478 impressori
640 1395 653 1434 ⁸
668 1418 740 1461 meo
756 1396 935 1481 pecuniam.
966 1395 1037 1473 Qua
1051 1395 1083 1458 in
1099 1416 1135 1458 re
1151 1401 1185 1459 te
1200 1399 1276 1479 peto

111 1522 225 1567 curare
249 1500 496 1567 indemnitatem
511 1524 627 1582 meam,
652 1524 725 1567 nam
741 1503 833 1567 lucra
848 1524 911 1567 nou
935 1509 1020 1585 peto.
1069 1502 1157 1583 llogo
1180 1500 1277 1582 igitur

109 1614 200 1673 tuam
218 1629 296 1691 erga
310 1629 362 1672 me
377 1607 621 1687 humanitatem,
636 1608 731 1673 utrel
741 1629 829 1673 emas
844 1608 894 1672 vel
904 1607 1024 1671 vendas
1034 1614 1161 1690 partem
1172 1626 1276 1669 meam

110 1712 255 1797 prosola
270 1712 433 1797 aequitate,
459 1720 496 1777 ut
517 1713 643 1796 possint
672 1721 705 1778 et
732 1720 893 1797 emptores
916 1712 1036 1777 lucrari
1060 1719 1092 1776 ct
1115 1732 1174 1794 ego
1198 1710 1277 1774 nihil

109 1818 256 1903 perdere.
289 1818 379 1882 Libri
389 1817 520 1883 luerunt
529 1840 662 1884 numero
683 1825 776 1884 1500.
809 1818 925 1883 Nescio
942 1818 1018 1902 quid
1035 1817 1187 1900 supersit.
1215 1815 1277 1881 Sed

90 1936 92 1941 ’
110 1923 264 2008 quicquid
285 1924 355 2002 erit,
379 1924 489 2006 accipe
513 1944 533 1987 a
548 1945 598 1989 me
617 1932 684 1989 tres
699 1924 800 1988 libros
815 1945 875 2007 pro
891 1946 954 1988 uno
970 1923 1106 2002 floreuo;
1131 1930 1164 1987 et
1180 1912 1288 1988 credo

111 2028 190 2094 mihi
218 2028 325 2094 adbuc
355 2035 538 2113 competere
575 2035 638 2094 700
669 2029 771 2094 libros
804 2029 843 2093 de
875 2029 1067 2094 rudimentis
1096 2028 1276 2094 Hebraicis.

111 2135 180 2200 Ista
203 2139 287 2214 sunt,
311 2155 383 2219 quae
398 2156 449 2199 me
465 2134 608 2214 turbant,
631 2134 786 2214 fractura,
812 2136 839 2199 si
853 2135 935 2220 phas
960 2140 1009 2199 est
1033 2135 1150 2213 dicere,
1173 2132 1275 2199 fideli·

111 2239 191 2305 tatis
216 2245 250 2306 et
269 2240 400 2324 jactura
421 2240 616 2324 patrimonii,
641 2240 801 2325 aquibus
825 2241 853 2305 si
876 2247 989 2325 perte
1020 2239 1199 2318 liberabor,
1231 2239 1276 2303 fa-

113 2345 196 2411 ciam
223 2347 303 2412 satis
331 2347 490 2411 voluntati
517 2353 582 2410 tuae
609 2367 681 2411 meo
710 2347 873 2431 impendio
903 2352 936 2410 et
960 2346 1029 2410 siue
1062 2351 1116 2409 tuo
1149 2344 1276 2411 damno.

113 2452 312 2537 Veniamque
337 2452 380 2517 ad
403 2460 436 2518 te
467 2463 498 2518 et
520 2449 656 2518 Basile'ae
684 2453 777 2518 stabo
803 2451 985 2536 sumptibus
1009 2451 1098 2530 meis,
1122 2472 1186 2515 nou
1203 2450 1275 2530 tuis,

111 2557 348 2643 illustraboque
378 2559 408 2624 S.
436 2559 670 2644 Hieronymum
698 2559 786 2624 nulla
816 2564 864 2627 tui
894 2556 1043 2621 mercede
1067 2555 1144 2624 mihi
1168 2555 1276 2620 danda

113 2663 340 2745 illustratione,
365 2686 429 2748 qua
451 2686 612 2750 nunquam
638 2686 658 2729 a
681 2671 827 2748 tempore
850 2665 923 2728 vitae
940 2683 1005 2727 suae
1021 2661 1194 2726 claruerat.
1244 2661 1276 2726 si

47 2778 49 2784 '
111 2789 187 2835 vero
211 2770 343 2835 deseras
366 2792 416 2834 me
439 2771 473 2834 in
495 2771 560 2836 ista
583 2769 720 2855 perfidia
743 2772 982 2854 impressorum,
1006 2788 1069 2831 non
1087 2757 1190 2831 solum
1207 2767 1277 2847 tibi,

112 2875 170 2940 sed
199 2875 347 2941 omuibus
377 2876 570 2959 optimarum
598 2875 766 2940 literarum
795 2874 948 2940 studiosis
973 2872 1161 2938 damnorum
1186 2893 1278 2938 occa·

110 2980 158 3045 sio
175 2980 248 3044 eris.
278 2979 358 3045 Juro
369 2980 453 3043 euim
469 2981 537 3061 tibi,
558 2981 644 3065 quod
661 2981 816 3064 deceptus
833 3001 890 3062 ego
907 2979 1059 3042 resistcre
1076 2998 1137 3042 non
1155 2978 1278 3062 possim

16 3123 19 3134 =
111 3085 188 3169 quin
212 3105 263 3148 me
281 3084 403 3149 taedeat
425 3085 547 3170 aliquid
571 3086 712 3150 scribere
737 3108 795 3151 seu
819 3087 924 3164 edere,
949 3084 1034 3167 quod
1059 3084 1101 3147 sit
1124 3090 1196 3148 arte
1221 3086 1279 3149 im·

110 3191 275 3275 pressoria
298 3189 438 3272 dignum,
463 3192 609 3275 quamvis
626 3192 725 3256 sciam
740 3193 865 3257 senium
881 3212 989 3255 meum
1005 3190 1280 3274 appropinquare,

111 3318 171 3363 nec
187 3317 259 3363 osse
275 3317 359 3360 nunc
375 3294 408 3361 iu
424 3297 532 3380 patria
549 3297 737 3378 Germaniae,
754 3299 810 3383 qui
826 3299 865 3363 de
881 3297 1039 3362 varietate
1057 3296 1279 3362 doctrinarum

111 3424 237 3469 mecum
267 3403 370 3487 possit
401 3407 537 3469 certare.
587 3403 792 3488 Scripturum
821 3404 916 3488 plura
946 3403 1061 3466 charta
1084 3423 1134 3466 me
1159 3399 1278 3468 deficit.

111 3509 192 3576 Vale
221 3509 373 3589 feliciter,
412 3509 620 3576 dilectissime
651 3510 881 3576 Amorbacchie
905 3510 928 3574 4.
979 3509 1028 3572 Ex
1057 3507 1225 3594 tubingen
1260 3514 1278 3574 7

111 3614 277 3683 Kalendas
301 3615 422 3700 apriles
446 3637 529 3682 auno
557 3623 652 3682 1510.

603 3724 654 3789 do.
679 3723 834 3789 Reuchliu
858 3718 1048 3786 Phorcensi‘s
1073 3722 1135 3784 LL.
1161 3721 1232 3787 doc.

198 3832 301 3892 Basler
316 3833 569 3893 universitttsbibl.
586 3833 740 3893 haudschr.
760 3832 828 3891 011
847 3835 982 3891 1311111.
1004 3834 1041 3889 61
1060 3830 1232 3904 autograph.

687 4006 705 4044 111

186 4117 197 4163 1
218 4111 297 4180 Cyro]
312 4129 332 4163 s.
346 4129 370 4164 0.
384 4115 417 4163 26
435 4113 495 4162 dau.
514 4115 579 4163 1507
599 4128 654 4162 uro.
669 4113 838 4162 Lxxxxvr.
900 4115 914 4159 2
934 4109 1084 4178 iufirmitas]
1106 4109 1160 4174 vgl.
1175 4109 1279 4161 Reueh-

110 4199 148 4250 liu
168 4217 189 4252 s.
209 4203 243 4253 50
263 4200 316 4252 und
335 4201 401 4252 oben
421 4217 477 4251 uro.
497 4200 577 4252 cxli.
646 4205 660 4250 3
681 4200 765 4267 impu]
786 4198 919 4261 Aushclru,
939 4214 1029 4264 wcgcn
1049 4199 1094 4247 des
1114 4198 1212 4247 druclrs
1233 4197 1279 4247 der

110 4288 214 4339 Rudim.
234 4288 307 4340 hebr.
380 4291 444 4340 tln
464 4288 656 4340 Amorhaccbie
678 4290 722 4339 hat
743 4289 773 4339 R.
798 4304 837 4339 um
863 4288 959 4338 letuten
984 4286 1147 4336 buohstaben
1173 4287 1278 4336 herum-

110 4377 257 4444 corrigiert,
277 4377 344 4437 doch
364 4378 432 4442 steht
451 4379 616 4433 1111115111
636 4394 690 4446 aus,
711 4377 749 4430 uls
769 4378 803 4432 ob
823 4393 850 4432 cr
869 4376 914 4430 ibn
933 4393 1000 4447 gnua
1020 4376 1115 4451 getilgt
1132 4375 1214 4436 utor.
