2716 4898
632 315 697 380 229

78 519 159 564 vero
196 499 345 582 originali
382 502 601 583 conferentes,
635 506 666 568 in
701 513 775 572 vota
808 525 984 589 paucorum
1017 507 1255 591 deputatorum,

78 626 144 670 non
176 604 329 672 obstante
364 609 450 692 quod
483 610 645 674 sciverunt
679 611 871 676 sententiam
896 612 1044 696 ajudice
1076 616 1254 698 apostolico

79 732 154 775 esse
179 710 350 805 diffipitive
374 713 483 790 latam,
518 722 551 780 et
575 717 662 800 quod
686 718 775 800 Papa
799 738 912 781 manus
936 720 1088 801 apposuit
1112 724 1185 784 cum
1208 721 1255 785 in-

78 815 242 881 hibitione
286 819 434 885 omnibus
472 823 620 906 personis
658 829 692 887 et
721 820 903 906 judicibus,
943 822 1252 906 determinaverunt,

78 929 117 988 ut
141 924 261 1006 ajunt,
281 923 503 991 doctrinaliter
531 927 653 992 directe
684 935 798 992 contra
823 929 1018 992 sententiam
1041 951 1147 994 meam
1170 929 1255 995 diffr-

79 1029 225 1093 nitivam.
273 1029 350 1106 Quae
381 1032 408 1096 si
432 1034 584 1098 transivit
607 1035 638 1097 in
663 1056 730 1098 rem
750 1033 932 1118 judicatam
950 1033 1029 1121 facit
1046 1035 1114 1118 jus;
1139 1036 1253 1101 sinon

79 1135 243 1214 transivit,
275 1142 312 1200 ut
343 1137 406 1220 ipsi
441 1140 543 1222 ajunt,
578 1147 712 1223 propter
747 1160 858 1204 eorum
881 1139 1145 1223 appellationem,
1177 1147 1253 1205 tunc

80 1239 256 1326 pendente,
278 1243 510 1326 appellatione,
541 1251 579 1309 ut
607 1246 683 1329 jura
714 1244 838 1322 dicunt,
871 1244 949 1308 nihil
981 1244 1079 1309 debet
1108 1245 1254 1311 innovari

80 1369 186 1430 neque
210 1349 410 1431 attemptari.
456 1351 499 1415 Et
522 1351 598 1434 quia
622 1352 726 1416 solum
750 1355 862 1415 tenent
885 1350 1137 1433 appellationem
1161 1373 1253 1417 suam

80 1452 229 1530 frivolam
253 1452 285 1516 iu
309 1474 475 1536 suspenso,
498 1461 536 1519 ut
551 1477 601 1520 me
618 1455 743 1520 interea
758 1455 798 1519 de
814 1455 911 1535 facto,
936 1456 976 1519 de
993 1457 1022 1518 vi
1040 1462 1072 1520 et
1088 1456 1251 1538 violentia,

72 1559 173 1642 ,cujus
208 1579 262 1622 eos
291 1580 358 1622 -non
394 1559 494 1642 pudet
520 1560 645 1644 plebeis
667 1561 889 1625 infamandum
916 1560 1098 1643 praebeant,
1128 1561 1244 1627 iccirco

82 1686 140 1748 ego
164 1664 370 1729 sanctissimo
402 1664 530 1731 domino
560 1673 672 1730 nostro
704 1668 799 1750 Papae
829 1664 1020 1749 supplicavi,
1053 1671 1089 1729 ut
1119 1687 1252 1732 causam

81 1772 112 1835 in
137 1771 228 1836 curia
251 1772 398 1835 Romana
427 1772 524 1836 alicui
554 1794 593 1837 ex
622 1772 899 1837 reverendissimis
927 1771 1145 1836 cardinalibus
1170 1793 1254 1837 com-

81 1879 199 1956 mittat,
236 1883 272 1940 ut
303 1877 434 1942 videant
469 1879 663 1943 sententiam
692 1884 797 1942 meam
822 1875 1014 1942 confirmari.
1061 1878 1103 1942 Et
1125 1877 1188 1942 feci
1210 1878 1253 1943 ad

81 1984 139 2049 hoc
163 1983 388 2067 inquisitorem
421 1983 559 2049 fratrum
593 1983 844 2067 praedicatorum
877 1983 996 2062 citare,
1031 1989 1067 2047 ut
1099 2005 1252 2068 persona-

82 2089 154 2154 liter
178 2090 289 2154 Romae
322 2094 528 2172 compareat,
557 2091 763 2174 procuratori
794 2111 866 2155 meo
899 2090 930 2154 in
954 2090 1087 2174 propria
1110 2111 1250 2174 persona

81 2217 305 2280 responsurus.
341 2195 391 2260 lbi
412 2216 507 2279 spero
526 2196 641 2260 merito
653 2194 749 2260 finem
765 2215 891 2260 omnem
904 2195 1004 2260 totius
1017 2216 1123 2260 causae
1139 2201 1250 2260 nactu-

85 2323 163 2381 rum,
189 2302 258 2365 Deo
284 2306 317 2365 et
342 2301 417 2384 jure
435 2300 608 2391 mediante.
655 2302 762 2380 Quare
779 2322 885 2385 neque
909 2321 959 2364 me
983 2321 1087 2383 neque
1110 2299 1252 2383 aliquem

85 2429 211 2473 movere
247 2405 345 2471 debet
368 2407 599 2471 Parisiensium
622 2407 845 2490 theologorum
869 2406 924 2490 qui
948 2427 1058 2471 omues
1081 2410 1156 2470 sunt
1178 2426 1254 2488 par-

86 2513 178 2579 tiales
210 2513 438 2578 determinatio
468 2513 669 2578 scholastica.
716 2513 797 2591 Quia
826 2512 904 2575 nibil
929 2510 1015 2575 valet
1036 2511 1069 2573 in
1089 2513 1170 2593 jure,
1194 2530 1253 2573 nec

85 2626 193 2701 potest
233 2619 311 2683 mihi
342 2619 566 2703 praejudicium
600 2640 769 2702 generare,
802 2618 859 2683 sed
886 2617 998 2701 pocius
1028 2613 1255 2700 praejudicabit

82 2726 278 2791 adversariis
302 2727 357 2810 qui
376 2727 449 2810 jure
473 2746 532 2790 suo
555 2746 618 2790 uon
642 2732 717 2790 sunt
740 2722 860 2802 confisi,
884 2722 941 2788 sed
964 2723 1115 2787 invocant
1130 2729 1253 2804 tempu·

79 2833 168 2898 rales
193 2831 350 2910 dominos,
373 2831 588 2914 imperatores
605 2837 639 2895 et
655 2853 745 2913 reges
765 2832 774 2868 ¹
800 2829 855 2914 qui
870 2831 903 2893 in
919 2829 1026 2894 causis
1041 2827 1116 2893 fidei
1131 2827 1251 2891 nullam

77 2933 206 3004 habent
229 2937 443 3020 cognitionem
467 2957 526 3000 nec
550 2957 622 3000 eam
645 2935 841 3000 demandare
864 2941 922 2999 aut
949 2935 1150 2999 committere
1180 2954 1254 3017 pos-

74 3051 167 3110 sunt.
221 3040 338 3109 Deficit
366 3064 525 3127 papyrus,
556 3063 657 3126 quare
686 3062 787 3106 cesse.
836 3041 922 3107 Vale.
969 3042 1018 3107 Ex
1048 3040 1252 3125 Stndgardia.

75 3152 132 3219 die
160 3155 276 3217 octavo
301 3150 451 3215 Octobris
475 3170 558 3215 anno
586 3154 680 3212 1514.

172 3261 246 3320 Msc.
264 3260 417 3333 Ellenbog.
434 3261 482 3319 lib.
500 3259 513 3317 1
529 3261 613 3334 epist.
633 3262 674 3317 74
691 3256 738 3316 fol.
759 3261 838 3317 150a
853 3257 897 3316 bis
918 3258 1005 3315 151³.

156 3549 308 3618 Augsburg.
563 3459 774 3525 CLXXXXV‘
1004 3545 1035 3593 18
1055 3543 1117 3594 on.
1139 3543 1216 3593 1514.

400 3621 584 3696 Reuchlin
611 3647 660 3694 an
688 3616 943 3714 Questenberg

78 3770 252 3858 empfiehlt
274 3770 341 3835 ihm
364 3769 530 3860 nocbmals
553 3766 841 3852 angelegentlichst
857 3764 943 3830 seine
961 3761 1067 3840 sache,
1090 3761 1171 3824 latest
1186 3761 1252 3824 ihm

80 3877 187 3945 durch
219 3876 276 3941 das
309 3875 510 3941 welserische
537 3873 703 3940 bankhaus
731 3873 803 3957 geld
828 3870 1015 3935 zukommen
1039 3867 1105 3932 und
1128 3865 1253 3931 schielrt

79 3985 148 4050 ihm
185 3983 237 4047 die
267 3981 320 4046 fiir
354 3982 441 4045 seine
464 3979 601 4045 anw'alte
632 3979 837 4044 bestimmten
865 3973 1109 4042 authentischeu
1140 3969 1270 4036 alitem·

80 4090 206 4156 stiiclre.
253 4088 302 4151 Ex
326 4088 472 4170 Augusta
489 4087 510 4167 2,
538 4093 577 4151 18
603 4086 672 4151 Oct.
702 4090 794 4149 1514.

658 4235 677 4270 ll

155 4354 166 4398 1
189 4349 242 4399 Dsr
261 4347 343 4415 konig
363 4365 415 4400 von
437 4347 598 4398 l'rnnlrreich
620 4345 699 4395 nahm
726 4330 812 4395 direkt
829 4342 912 4410 partui
929 4354 1013 4412 gegen
1032 4338 1176 4401 Reuchlin;
1196 4338 1250 4404 vgl.

80 4438 211 4495 Rcuchlin
229 4453 250 4487 s.
272 4439 331 4495 286.
406 4442 419 4489 2
440 4437 498 4488 Wie
518 4452 565 4491 aus
578 4435 636 4485 dem
648 4432 788 4502 folgenden
800 4430 869 4482 brief
880 4428 1044 4500 hervorgeht‚
1066 4443 1119 4481 nur
1138 4444 1166 4480 er
1178 4426 1247 4480 nach
