2790 4882
663 288 728 356 335

109 478 693 566 111(ἱγιηῐιειείοΤηὺίηςεηεὶΒίὺΙὶα
725 478 893 561 hebraica,
925 481 1081 565 insignem
1110 477 1202 544 illum
1237 479 1279 542 24

110 585 307 652 voluminum
330 585 458 667 librum,
483 606 580 671 quem
603 582 697 651 nobis
720 584 835 656 Daniel
855 584 1053 669 Bombergus
1068 584 1279 651 «Iudaicorum

110 690 256 757 codicum
281 691 475 758 artificiosus
497 693 678 774 impressor
699 711 802 775 nuper
817 711 933 775 magno
952 711 1119 756 numeros
1136 688 1280 755 Venetiis

109 796 256 863 venalem
286 797 390 877 misit,
425 798 493 862 sine
523 818 586 881 quo
618 817 688 861 eam
722 796 862 881 linguam
897 817 990 862 nemo
1014 794 1064 861 vel
1089 796 1204 861 docere
1228 791 1280 858 vel

111 902 236 968 discere
268 909 387 986 potest.
418 901 543 967 Addam
575 923 682 986 porro,
711 902 738 967 si
758 901 903 986 'adjutus
934 923 993 986 per
1016 908 1048 966 te
1072 901 1173 980 fuero,
1196 896 1278 964 l'ho·

109 1028 163 1072 mu
194 1008 382 1087 hnshelme,
418 1005 691 1091 typographorum
729 1009 954 1087 ornatissime,
986 1006 1211 1072 Demosthenis
1246 1010 1279 1069 et

112 1112 277 1178 Aeschinis
300 1132 496 1178 summorum
514 1111 645 1177 Graeciae
662 1120 827 1179 oratorum
852 1113 1091 1198 praelectionem
1115 1112 1147 1175 in
1170 1110 1281 1194 lingua

111 1217 233 1297 Graeca,
265 1219 320 1303 qui
338 1208 483 1283 'autor'os
516 1217 783 1302 splendidissimis
807 1219 931 1284 Latinis
965 1218 1059 1302 plura
1091 1214 1279 1282 ornamenta

111 1323 376 1407 suppeditabunt,
401 1323 666 1389 consuetudinem
696 1324 857 1408 quandam
889 1324 1053 1408 eleganter
1071 1320 1278 1407 jucundeque

112 1425 240 1491 dicendi
263 1427 445 1495 afferentes.
643 1433 644 1436 ’

200 1533 306 1610 Quare
329 1555 388 1618 pro
413 1534 515 1600 veteri
538 1541 651 1601 nostra
673 1534 760 1600 inter
782 1555 840 1600 nos
869 1534 1020 1612 amicitia,
1044 1531 1279 1616 conjunctione,

114 1659 153 1704 ac
177 1639 417 1705 necessitudine
440 1645 473 1706 te
497 1646 583 1724 peto,
607 1641 813 1724 integerrime
837 1640 1022 1718 amicorum,
1054 1637 1133 1702 velis
1156 1636 1189 1700 in
1213 1655 1280 1700 om-

111 1744 197 1809 nium
221 1765 324 1829 graece
357 1737 588 1811 studiosorum
607 1745 783 1811 utilitatem
818 1752 852 1810 ot
874 1745 1064 1840 profectum,
1088 1744 1166 1828 quin
1189 1747 1222 1806 et
1245 1741 1279 1804 in

110 1850 160 1914 tui
182 1849 322 1915 fructum
346 1873 408 1915 non
440 1852 645 1930 mediocrem,
669 1850 782 1916 ambas
806 1850 972 1916 Aeschinis
996 1863 1029 1914 et
1052 1846 1278 1914 Demosthenis

110 1955 283 2035 orationes,
307 1956 477 2022 adversum
506 1979 540 2023 se
571 1956 717 2036 habitus¹
742 1955 842 2021 nobili
872 1963 928 2021 tuo
961 1955 1151 2021 charactere
1175 1971 1280 2036 graecc

110 2081 207 2144 quam
232 2061 493 2129 emendatissime
525 2069 557 2129 et
589 2062 791 2147 grauissime,
821 2066 1020 2146 quantocyus
1051 2059 1122 2126 fieri
1145 2059 1277 2144 poterit,

109 2165 304 2250 imprimere,
329 2173 428 2253 atque
452 2169 521 2234 sine
545 2189 636 2233 mora
664 2167 840 2252 Tubingam
873 2167 915 2232 ad
938 2188 996 2232 nos
1019 2167 1149 2231 mittere
1173 2185 1278 2248 graeca

108 2270 181 2351 fide,
205 2272 265 2339 hoc
289 2281 347 2352 est,
371 2283 504 2358 recepta
527 2274 643 2339 merois
668 2274 738 2338 loco
761 2280 878 2358 parata
900 2273 1046 2356 pecunia,
1070 2292 1166 2355 quam
1190 2270 1276 2335 siet

109 2377 261 2461 pollicitis
292 2381 372 2444 meis
395 2378 490 2444 fidem
526 2379 637 2460 habes,
668 2386 823 2464 sequetur
847 2379 987 2443 omnium
1011 2377 1278 2444 scholasticorum

109 2483 280 2567 singularis
313 2507 389 2569 erga
418 2485 450 2550 te
485 2485 709 2551 benevolentia
740 2506 813 2550 oum
838 2483 969 2550 laudum
992 2492 1123 2550 tuarum
1146 2483 1276 2546 immor·

108 2588 247 2654 talitate.
284 2591 434 2657 l'eliciter
459 2592 538 2656 vale.
573 2590 725 2676 l'ubingae
741 2592 854 2658 Idibus
870 2591 1042 2672 ianuariis,
1067 2592 1158 2655 Anno
1176 2586 1278 2653 Mille-

109 2695 190 2760 simo
214 2696 470 2780 quingentesimo
495 2698 646 2782 vigesimo
671 2699 820 2764 secundo.

200 2803 363 2866 Gedruokt:
382 2829 423 2860 =
440 2808 545 2884 liujus,
563 2810 623 2867 vita
638 2809 789 2868 Reuohlini
805 2826 828 2868 s.
848 2812 911 2869 516
928 2810 971 2870 bis
990 2813 1062 2869 519.

625 2994 758 3061 CCCIV.

182 3078 309 3146 vmeurg.
1029 3088 1061 3135 m
1081 3081 1142 3136 ran.
1167 3086 1241 3136 1522.

112 3168 444 3270 Dan.B0mbe1·gus
453 3170 478 3246 J
480 3199 512 3244 o.
524 3171 731 3247 Reuchlino
739 3171 941 3248 Phorcensi
949 3171 1024 3247 LL.
1035 3174 1176 3247 doctori
1187 3174 1223 3250 S.
1234 3176 1277 3258 D,

200 3317 270 3382 Etsi
293 3317 430 3384 Talmud
447 3327 480 3384 et
495 3319 566 3384 Rab
591 3320 740 3404 Alphes1
763 3322 975 3406 impressione
992 3321 1200 3405 praepeditus,
1224 3342 1278 3386 ne-

111 3420 187 3487 dum
211 3423 285 3488 hinc
309 3424 352 3489 ad
375 3432 499 3508 septem
524 3441 660 3504 menses,
685 3447 734 3491 me
759 3426 930 3510 sperabam
955 3426 1019 3491 tuis
1034 3447 1129 3509 posse
1154 3425 1279 3490 doside-

109 3527 168 3592 riis
191 3528 397 3613 respondere,
422 3530 539 3614 quibus
564 3537 640 3596 tuno
657 3531 813 3609 ultimam,
836 3537 873 3596 ut
897 3553 970 3615 spes
995 3536 1054 3611 est,
1078 3552 1188 3596 sumus
1211 3551 1280 3595 ma·

110 3651 187 3698 num
211 3635 402 3720 imposituri.
438 3637 522 3701 Vicit
545 3642 662 3717 tamen,
687 3637 772 3721 quod
796 3637 967 3703 videbatur
991 3635 1214 3702 difficillimum
1238 3657 1277 3702 ac

109 3740 240 3806 minime
263 3741 465 3820 tentandum,
490 3763 614 3825 magna,
639 3764 704 3826 qua
726 3752 832 3809 tecum
849 3764 1011 3808 connexus
1036 3765 1116 3822 sum,
1141 3743 1278 3809 benevo-

111 3844 221 3926 lentia,
245 3846 370 3931 hacque
387 3854 519 3915 coactus
543 3870 605 3914 non
622 3849 722 3933 potui,
747 3849 823 3933 quin
848 3848 912 3914 tuis
931 3849 1031 3932 jussis
1047 3850 1277 3933 obtemperans

110 3951 217 4034 gravis
257 3951 334 4018 licet
371 3953 519 4019 obstaret
560 3954 696 4020 Talmud
727 3962 759 4020 et
788 3954 858 4020 Rab
897 3953 1016 4040 Alphee
1047 3962 1080 4020 et
1115 3975 1215 4039 opera
1246 3958 1280 4019 et

667 4081 686 4116 a

186 4153 196 4196 1
218 4147 275 4198 Rub
297 4147 404 4214 Alphee]
434 4147 475 4197 die
497 4147 628 4198 Hulachot
653 4150 698 4199 des
719 4150 819 4212 Alieni,
845 4149 886 4200 ein
906 4147 1090 4200 halnchischer
1112 4164 1213 4214 susang
1231 4163 1279 4198 ans

110 4235 169 4287 dem
188 4237 314 4301 Talmud,
339 4235 460 4288 err-schism
488 4236 530 4287 bei
551 4237 774 4303 Bomberg'ldll
802 4239 843 4288 bis
871 4239 951 4299 1522,
976 4237 1029 4304 vgl.
1056 4236 1279 4300 Steinschneider‚

110 4324 249 4394 catalogus
276 4325 403 4390 librorum
427 4324 588 4377 hebreorum
614 4326 641 4376 iu
667 4325 831 4379 bibliotheca
856 4326 1006 4393 bodlejunu,
1025 4325 1113 4378 Berlin
1142 4326 1208 4378 1852
1239 4326 1279 4379 bis

114 4415 191 4479 1860,
210 4414 264 4466 vol.
283 4415 303 4480 1,
325 4414 374 4466 col.
397 4415 472 4466 1089.
1016 4423 1017 4426 ’
