<?xml version="1.0" encoding="UTF-8"?>
<!DOCTYPE html PUBLIC "-//W3C//DTD XHTML 1.0 Transitional//EN"
    "http://www.w3.org/TR/xhtml1/DTD/xhtml1-transitional.dtd">
<html xmlns="http://www.w3.org/1999/xhtml" xml:lang="en" lang="en">
 <head>
  <title>
</title>
<meta http-equiv="Content-Type" content="text/html;charset=utf-8" />
  <meta name='ocr-system' content='tesseract 3.04.00' />
  <meta name='ocr-capabilities' content='ocr_page ocr_carea ocr_par ocr_line ocrx_word'/>
</head>
<body>
  <div class='ocr_page' id='page_1' title='image "./johannreuchlins00reucgoog/johannreuchlins00reucgoog_0216.png"; bbox 0 0 2790 4882; ppageno 0'>
   <div class='ocr_carea' id='block_1_1' title="bbox 678 267 745 333">
    <p class='ocr_par' dir='ltr' id='par_1_1' title="bbox 678 267 745 333">
     <span class='ocr_line' id='line_1_1' title="bbox 678 267 745 333; baseline 0.03 -2"><span class='ocrx_word' id='word_1_1' title='bbox 678 267 745 333; x_wconf 79' lang='lat'>204</span> 
     </span>
    </p>
   </div>
   <div class='ocr_carea' id='block_1_2' title="bbox 124 456 1295 3931">
    <p class='ocr_par' dir='ltr' id='par_1_2' title="bbox 124 456 1295 3931">
     <span class='ocr_line' id='line_1_2' title="bbox 126 456 1294 545; baseline 0.002 -20"><span class='ocrx_word' id='word_1_2' title='bbox 126 456 159 525; x_wconf 85' lang='lat' dir='ltr'>S.</span> <span class='ocrx_word' id='word_1_3' title='bbox 184 456 328 545; x_wconf 82' lang='lat' dir='ltr'>Dionysii</span> <span class='ocrx_word' id='word_1_4' title='bbox 347 459 367 539; x_wconf 92' lang='lat'>¹,</span> <span class='ocrx_word' id='word_1_5' title='bbox 395 459 517 543; x_wconf 90' lang='lat' dir='ltr'>inqua</span> <span class='ocrx_word' id='word_1_6' title='bbox 544 456 679 525; x_wconf 87' lang='lat' dir='ltr'>ferenda</span> <span class='ocrx_word' id='word_1_7' title='bbox 710 463 798 524; x_wconf 86' lang='lat' dir='ltr'>esset</span> <span class='ocrx_word' id='word_1_8' title='bbox 830 458 993 524; x_wconf 88' lang='lat' dir='ltr'>sententia</span> <span class='ocrx_word' id='word_1_9' title='bbox 1021 478 1117 526; x_wconf 87' lang='lat' dir='ltr'>mans</span> <span class='ocrx_word' id='word_1_10' title='bbox 1147 458 1294 545; x_wconf 79' lang='lat' dir='ltr'>ejusdem</span> 
     </span>
     <span class='ocr_line' id='line_1_3' title="bbox 126 562 1294 650; baseline 0.003 -20"><span class='ocrx_word' id='word_1_11' title='bbox 126 564 192 631; x_wconf 91' lang='lat' dir='ltr'>diei</span> <span class='ocrx_word' id='word_1_12' title='bbox 214 564 295 630; x_wconf 90' lang='lat' dir='ltr'>hora</span> <span class='ocrx_word' id='word_1_13' title='bbox 318 569 442 630; x_wconf 88' lang='lat' dir='ltr'>octava.</span> <span class='ocrx_word' id='word_1_14' title='bbox 488 563 572 642; x_wconf 83' lang='lat' dir='ltr'>Quid</span> <span class='ocrx_word' id='word_1_15' title='bbox 594 562 727 631; x_wconf 83' lang='lat' dir='ltr'>multis?</span> <span class='ocrx_word' id='word_1_16' title='bbox 772 565 922 630; x_wconf 86' lang='lat' dir='ltr'>Decanus</span> <span class='ocrx_word' id='word_1_17' title='bbox 949 568 984 630; x_wconf 89' lang='lat' dir='ltr'>et</span> <span class='ocrx_word' id='word_1_18' title='bbox 1006 564 1185 650; x_wconf 89' lang='lat' dir='ltr'>capitulum</span> <span class='ocrx_word' id='word_1_19' title='bbox 1209 564 1294 633; x_wconf 87' lang='lat' dir='ltr'>velo-</span> 
     </span>
     <span class='ocr_line' id='line_1_4' title="bbox 127 669 1295 755; baseline 0.003 -20"><span class='ocrx_word' id='word_1_20' title='bbox 127 671 209 736; x_wconf 85' lang='lat' dir='ltr'>citer</span> <span class='ocrx_word' id='word_1_21' title='bbox 236 669 269 735; x_wconf 90' lang='lat' dir='ltr'>id</span> <span class='ocrx_word' id='word_1_22' title='bbox 300 670 463 754; x_wconf 83' lang='lat' dir='ltr'>negotium</span> <span class='ocrx_word' id='word_1_23' title='bbox 498 674 603 734; x_wconf 90' lang='lat' dir='ltr'>tntum</span> <span class='ocrx_word' id='word_1_24' title='bbox 632 669 675 734; x_wconf 90' lang='lat' dir='ltr'>ad</span> <span class='ocrx_word' id='word_1_25' title='bbox 705 691 757 735; x_wconf 90' lang='lat' dir='ltr'>me</span> <span class='ocrx_word' id='word_1_26' title='bbox 789 671 998 754; x_wconf 90' lang='lat' dir='ltr'>scripserunt.</span> <span class='ocrx_word' id='word_1_27' title='bbox 1052 671 1097 736; x_wconf 88' lang='lat' dir='ltr'>Et</span> <span class='ocrx_word' id='word_1_28' title='bbox 1125 692 1186 755; x_wconf 90' lang='lat' dir='ltr'>ego</span> <span class='ocrx_word' id='word_1_29' title='bbox 1219 692 1295 738; x_wconf 85' lang='lat' dir='ltr'>mox</span> 
     </span>
     <span class='ocr_line' id='line_1_5' title="bbox 127 774 1293 858; baseline 0.002 -16"><span class='ocrx_word' id='word_1_30' title='bbox 127 776 259 842; x_wconf 86' lang='lat' dir='ltr'>aderam</span> <span class='ocrx_word' id='word_1_31' title='bbox 288 775 319 840; x_wconf 93' lang='lat' dir='ltr'>in</span> <span class='ocrx_word' id='word_1_32' title='bbox 351 775 403 840; x_wconf 88' lang='lat' dir='ltr'>die</span> <span class='ocrx_word' id='word_1_33' title='bbox 428 774 458 841; x_wconf 84' lang='lat' dir='ltr'>S.</span> <span class='ocrx_word' id='word_1_34' title='bbox 482 775 635 858; x_wconf 82' lang='lat' dir='ltr'>Dionysii.</span> <span class='ocrx_word' id='word_1_35' title='bbox 681 775 821 841; x_wconf 84' lang='lat' dir='ltr'>Caterva</span> <span class='ocrx_word' id='word_1_36' title='bbox 850 782 958 841; x_wconf 87' lang='lat' dir='ltr'>autem</span> <span class='ocrx_word' id='word_1_37' title='bbox 989 775 1129 842; x_wconf 81' lang='lat' dir='ltr'><strong>fratrum</strong></span> <span class='ocrx_word' id='word_1_38' title='bbox 1151 778 1293 844; x_wconf 76' lang='lat' dir='ltr'>ementes</span> 
     </span>
     <span class='ocr_line' id='line_1_6' title="bbox 126 880 1293 966; baseline 0.002 -19"><span class='ocrx_word' id='word_1_39' title='bbox 126 882 207 947; x_wconf 87' lang='lat' dir='ltr'>duos</span> <span class='ocrx_word' id='word_1_40' title='bbox 231 887 357 946; x_wconf 90' lang='lat' dir='ltr'>tantum</span> <span class='ocrx_word' id='word_1_41' title='bbox 381 881 450 946; x_wconf 87' lang='lat' dir='ltr'>dies</span> <span class='ocrx_word' id='word_1_42' title='bbox 472 880 630 947; x_wconf 91' lang='lat' dir='ltr'>iuteresse</span> <span class='ocrx_word' id='word_1_43' title='bbox 655 903 756 966; x_wconf 88' lang='lat' dir='ltr'>usque</span> <span class='ocrx_word' id='word_1_44' title='bbox 780 881 822 946; x_wconf 90' lang='lat' dir='ltr'>ad</span> <span class='ocrx_word' id='word_1_45' title='bbox 844 881 958 946; x_wconf 91' lang='lat' dir='ltr'>feriam</span> <span class='ocrx_word' id='word_1_46' title='bbox 982 887 1133 966; x_wconf 87' lang='lat' dir='ltr'>quartam</span> <span class='ocrx_word' id='word_1_47' title='bbox 1149 881 1293 950; x_wconf 77' lang='lat' dir='ltr'>ferenda</span> 
     </span>
     <span class='ocr_line' id='line_1_7' title="bbox 125 984 1291 1074; baseline 0.002 -21"><span class='ocrx_word' id='word_1_48' title='bbox 125 987 295 1053; x_wconf 70' lang='lat' dir='ltr'>sententiae</span> <span class='ocrx_word' id='word_1_49' title='bbox 317 986 407 1050; x_wconf 90' lang='lat' dir='ltr'>nulla</span> <span class='ocrx_word' id='word_1_50' title='bbox 430 986 537 1051; x_wconf 90' lang='lat' dir='ltr'>media</span> <span class='ocrx_word' id='word_1_51' title='bbox 560 987 733 1053; x_wconf 90' lang='lat' dir='ltr'>concordia</span> <span class='ocrx_word' id='word_1_52' title='bbox 757 989 825 1072; x_wconf 88' lang='lat' dir='ltr'>ejus</span> <span class='ocrx_word' id='word_1_53' title='bbox 848 984 960 1052; x_wconf 88' lang='lat' dir='ltr'>oblata</span> <span class='ocrx_word' id='word_1_54' title='bbox 983 986 1156 1053; x_wconf 89' lang='lat' dir='ltr'>voluerunt</span> <span class='ocrx_word' id='word_1_55' title='bbox 1178 1009 1291 1074; x_wconf 80' lang='lat' dir='ltr'>accep</span> 
     </span>
     <span class='ocr_line' id='line_1_8' title="bbox 124 1090 1292 1177; baseline 0.002 -18"><span class='ocrx_word' id='word_1_56' title='bbox 124 1100 208 1174; x_wconf 87' lang='lat' dir='ltr'>tare,</span> <span class='ocrx_word' id='word_1_57' title='bbox 231 1093 292 1158; x_wconf 89' lang='lat' dir='ltr'>uisi</span> <span class='ocrx_word' id='word_1_58' title='bbox 316 1113 388 1176; x_wconf 85' lang='lat' dir='ltr'>quae</span> <span class='ocrx_word' id='word_1_59' title='bbox 411 1090 489 1156; x_wconf 92' lang='lat' dir='ltr'>mihi</span> <span class='ocrx_word' id='word_1_60' title='bbox 513 1098 622 1158; x_wconf 82' lang='lat' dir='ltr'><strong>essent</strong></span> <span class='ocrx_word' id='word_1_61' title='bbox 650 1091 770 1177; x_wconf 91' lang='lat' dir='ltr'>probro</span> <span class='ocrx_word' id='word_1_62' title='bbox 795 1097 828 1158; x_wconf 91' lang='lat' dir='ltr'>et</span> <span class='ocrx_word' id='word_1_63' title='bbox 850 1099 971 1158; x_wconf 87' lang='lat' dir='ltr'>aeterno</span> <span class='ocrx_word' id='word_1_64' title='bbox 996 1092 1149 1159; x_wconf 84' lang='lat' dir='ltr'>dedecori</span> <span class='ocrx_word' id='word_1_65' title='bbox 1171 1093 1292 1161; x_wconf 84' lang='lat' dir='ltr'>futura.</span> 
     </span>
     <span class='ocr_line' id='line_1_9' title="bbox 124 1197 1290 1283; baseline 0.002 -18"><span class='ocrx_word' id='word_1_66' title='bbox 124 1199 193 1282; x_wconf 88' lang='lat' dir='ltr'>Ego</span> <span class='ocrx_word' id='word_1_67' title='bbox 216 1219 293 1264; x_wconf 91' lang='lat' dir='ltr'>vero</span> <span class='ocrx_word' id='word_1_68' title='bbox 316 1197 406 1263; x_wconf 92' lang='lat' dir='ltr'>nolui</span> <span class='ocrx_word' id='word_1_69' title='bbox 430 1218 500 1262; x_wconf 92' lang='lat' dir='ltr'>esso</span> <span class='ocrx_word' id='word_1_70' title='bbox 524 1198 680 1278; x_wconf 90' lang='lat' dir='ltr'>crudelis,</span> <span class='ocrx_word' id='word_1_71' title='bbox 709 1199 764 1283; x_wconf 92' lang='lat' dir='ltr'>qui</span> <span class='ocrx_word' id='word_1_72' title='bbox 793 1198 913 1264; x_wconf 88' lang='lat' dir='ltr'>famam</span> <span class='ocrx_word' id='word_1_73' title='bbox 945 1197 1150 1282; x_wconf 84' lang='lat' dir='ltr'>negligerem.</span> <span class='ocrx_word' id='word_1_74' title='bbox 1195 1200 1290 1267; x_wconf 87' lang='lat' dir='ltr'>Unde</span> 
     </span>
     <span class='ocr_line' id='line_1_10' title="bbox 126 1302 1293 1390; baseline 0.001 -19"><span class='ocrx_word' id='word_1_75' title='bbox 126 1304 234 1371; x_wconf 89' lang='lat' dir='ltr'>omnia</span> <span class='ocrx_word' id='word_1_76' title='bbox 257 1302 382 1370; x_wconf 81' lang='lat' dir='ltr'>famosa</span> <span class='ocrx_word' id='word_1_77' title='bbox 404 1304 552 1369; x_wconf 82' lang='lat' dir='ltr'>recusavi</span> <span class='ocrx_word' id='word_1_78' title='bbox 576 1311 609 1369; x_wconf 90' lang='lat' dir='ltr'>et</span> <span class='ocrx_word' id='word_1_79' title='bbox 632 1326 740 1371; x_wconf 88' lang='lat' dir='ltr'>eoram</span> <span class='ocrx_word' id='word_1_80' title='bbox 765 1304 891 1369; x_wconf 87' lang='lat' dir='ltr'>notario</span> <span class='ocrx_word' id='word_1_81' title='bbox 922 1303 1125 1390; x_wconf 82' lang='lat' dir='ltr'>testibusque</span> <span class='ocrx_word' id='word_1_82' title='bbox 1148 1325 1170 1370; x_wconf 87' lang='lat' dir='ltr'>a</span> <span class='ocrx_word' id='word_1_83' title='bbox 1192 1306 1293 1372; x_wconf 87' lang='lat' dir='ltr'>tantis</span> 
     </span>
     <span class='ocr_line' id='line_1_11' title="bbox 125 1408 1293 1495; baseline 0.003 -21"><span class='ocrx_word' id='word_1_84' title='bbox 125 1408 364 1494; x_wconf 89' lang='lat' dir='ltr'>gravaminibus</span> <span class='ocrx_word' id='word_1_85' title='bbox 401 1415 467 1474; x_wconf 90' lang='lat' dir='ltr'>tam</span> <span class='ocrx_word' id='word_1_86' title='bbox 504 1409 622 1476; x_wconf 88' lang='lat' dir='ltr'>futuris</span> <span class='ocrx_word' id='word_1_87' title='bbox 654 1431 751 1495; x_wconf 90' lang='lat' dir='ltr'>quam</span> <span class='ocrx_word' id='word_1_88' title='bbox 789 1409 1020 1494; x_wconf 88' lang='lat' dir='ltr'>praesentibus,</span> <span class='ocrx_word' id='word_1_89' title='bbox 1058 1408 1223 1495; x_wconf 88' lang='lat' dir='ltr'>appellavi</span> <span class='ocrx_word' id='word_1_90' title='bbox 1251 1410 1293 1477; x_wconf 88' lang='lat' dir='ltr'>ad</span> 
     </span>
     <span class='ocr_line' id='line_1_12' title="bbox 126 1514 1292 1603; baseline 0 -20"><span class='ocrx_word' id='word_1_91' title='bbox 126 1515 242 1584; x_wconf 86' lang='lat' dir='ltr'>Sedem</span> <span class='ocrx_word' id='word_1_92' title='bbox 258 1514 488 1599; x_wconf 81' lang='lat' dir='ltr'>Apostolioam.</span> <span class='ocrx_word' id='word_1_93' title='bbox 535 1516 688 1583; x_wconf 90' lang='lat' dir='ltr'>Videntes</span> <span class='ocrx_word' id='word_1_94' title='bbox 711 1521 820 1580; x_wconf 89' lang='lat' dir='ltr'>autem</span> <span class='ocrx_word' id='word_1_95' title='bbox 838 1515 958 1581; x_wconf 91' lang='lat' dir='ltr'>domiui</span> <span class='ocrx_word' id='word_1_96' title='bbox 974 1515 1014 1580; x_wconf 90' lang='lat' dir='ltr'>de</span> <span class='ocrx_word' id='word_1_97' title='bbox 1029 1515 1183 1599; x_wconf 87' lang='lat' dir='ltr'>capitulo,</span> <span class='ocrx_word' id='word_1_98' title='bbox 1207 1517 1292 1603; x_wconf 88' lang='lat' dir='ltr'>quod</span> 
     </span>
     <span class='ocr_line' id='line_1_13' title="bbox 126 1620 1293 1708; baseline 0.002 -21"><span class='ocrx_word' id='word_1_99' title='bbox 126 1621 358 1708; x_wconf 87' lang='lat' dir='ltr'>praedicatores</span> <span class='ocrx_word' id='word_1_100' title='bbox 382 1622 542 1687; x_wconf 87' lang='lat' dir='ltr'>malitiose</span> <span class='ocrx_word' id='word_1_101' title='bbox 566 1620 854 1705; x_wconf 83' lang='lat' dir='ltr'>fraudulenterque</span> <span class='ocrx_word' id='word_1_102' title='bbox 878 1620 963 1685; x_wconf 91' lang='lat' dir='ltr'>diem</span> <span class='ocrx_word' id='word_1_103' title='bbox 986 1620 1026 1686; x_wconf 92' lang='lat' dir='ltr'>de</span> <span class='ocrx_word' id='word_1_104' title='bbox 1050 1621 1101 1686; x_wconf 89' lang='lat' dir='ltr'>die</span> <span class='ocrx_word' id='word_1_105' title='bbox 1123 1621 1293 1689; x_wconf 80' lang='lat' dir='ltr'>traherent</span> 
     </span>
     <span class='ocr_line' id='line_1_14' title="bbox 125 1725 1293 1813; baseline 0.001 -20"><span class='ocrx_word' id='word_1_106' title='bbox 125 1727 255 1794; x_wconf 88' lang='lat' dir='ltr'>blandis</span> <span class='ocrx_word' id='word_1_107' title='bbox 279 1727 395 1808; x_wconf 88' lang='lat' dir='ltr'>verbis,</span> <span class='ocrx_word' id='word_1_108' title='bbox 419 1733 456 1793; x_wconf 91' lang='lat' dir='ltr'>ut</span> <span class='ocrx_word' id='word_1_109' title='bbox 479 1728 684 1793; x_wconf 88' lang='lat' dir='ltr'>nibilominus</span> <span class='ocrx_word' id='word_1_110' title='bbox 708 1727 750 1793; x_wconf 88' lang='lat' dir='ltr'>ad</span> <span class='ocrx_word' id='word_1_111' title='bbox 773 1726 969 1792; x_wconf 87' lang='lat' dir='ltr'>sententiam</span> <span class='ocrx_word' id='word_1_112' title='bbox 997 1725 1166 1792; x_wconf 91' lang='lat' dir='ltr'>ferendam</span> <span class='ocrx_word' id='word_1_113' title='bbox 1196 1749 1293 1813; x_wconf 86' lang='lat' dir='ltr'>quam</span> 
     </span>
     <span class='ocr_line' id='line_1_15' title="bbox 126 1832 1292 1916; baseline 0.001 -17"><span class='ocrx_word' id='word_1_114' title='bbox 126 1834 167 1899; x_wconf 92' lang='lat' dir='ltr'>de</span> <span class='ocrx_word' id='word_1_115' title='bbox 191 1832 413 1899; x_wconf 87' lang='lat' dir='ltr'>combustione</span> <span class='ocrx_word' id='word_1_116' title='bbox 442 1834 597 1899; x_wconf 88' lang='lat' dir='ltr'>librorum</span> <span class='ocrx_word' id='word_1_117' title='bbox 628 1854 773 1898; x_wconf 92' lang='lat' dir='ltr'>meorum</span> <span class='ocrx_word' id='word_1_118' title='bbox 797 1832 865 1916; x_wconf 88' lang='lat' dir='ltr'>jam</span> <span class='ocrx_word' id='word_1_119' title='bbox 895 1833 980 1897; x_wconf 90' lang='lat' dir='ltr'>iuter</span> <span class='ocrx_word' id='word_1_120' title='bbox 1010 1853 1045 1898; x_wconf 90' lang='lat' dir='ltr'>se</span> <span class='ocrx_word' id='word_1_121' title='bbox 1073 1832 1158 1898; x_wconf 87' lang='lat' dir='ltr'>clam</span> <span class='ocrx_word' id='word_1_122' title='bbox 1181 1855 1292 1900; x_wconf 91' lang='lat' dir='ltr'>couce-</span> 
     </span>
     <span class='ocr_line' id='line_1_16' title="bbox 129 1936 1291 2025; baseline 0.001 -21"><span class='ocrx_word' id='word_1_123' title='bbox 129 1946 256 2025; x_wconf 88' lang='lat' dir='ltr'>perant,</span> <span class='ocrx_word' id='word_1_124' title='bbox 279 1939 497 2024; x_wconf 85' lang='lat' dir='ltr'>irrefragabili</span> <span class='ocrx_word' id='word_1_125' title='bbox 525 1961 582 2023; x_wconf 88' lang='lat' dir='ltr'>spe</span> <span class='ocrx_word' id='word_1_126' title='bbox 611 1939 771 2017; x_wconf 89' lang='lat' dir='ltr'>venirent,</span> <span class='ocrx_word' id='word_1_127' title='bbox 803 1942 836 2002; x_wconf 92' lang='lat' dir='ltr'>et</span> <span class='ocrx_word' id='word_1_128' title='bbox 861 1959 920 2022; x_wconf 90' lang='lat' dir='ltr'>per</span> <span class='ocrx_word' id='word_1_129' title='bbox 947 1936 1008 2003; x_wconf 92' lang='lat' dir='ltr'>hoc</span> <span class='ocrx_word' id='word_1_130' title='bbox 1038 1939 1105 2003; x_wconf 91' lang='lat' dir='ltr'>sive</span> <span class='ocrx_word' id='word_1_131' title='bbox 1131 1939 1207 2023; x_wconf 88' lang='lat' dir='ltr'>jure</span> <span class='ocrx_word' id='word_1_132' title='bbox 1237 1961 1291 2005; x_wconf 90' lang='lat' dir='ltr'>seu</span> 
     </span>
     <span class='ocr_line' id='line_1_17' title="bbox 127 2043 1292 2129; baseline 0.002 -19"><span class='ocrx_word' id='word_1_133' title='bbox 127 2044 245 2129; x_wconf 91' lang='lat' dir='ltr'>injuria</span> <span class='ocrx_word' id='word_1_134' title='bbox 268 2044 388 2109; x_wconf 88' lang='lat' dir='ltr'>famam</span> <span class='ocrx_word' id='word_1_135' title='bbox 411 2066 517 2109; x_wconf 87' lang='lat' dir='ltr'>meam</span> <span class='ocrx_word' id='word_1_136' title='bbox 540 2044 705 2124; x_wconf 86' lang='lat' dir='ltr'>laederent,</span> <span class='ocrx_word' id='word_1_137' title='bbox 727 2045 790 2128; x_wconf 92' lang='lat' dir='ltr'>ipsi</span> <span class='ocrx_word' id='word_1_138' title='bbox 812 2043 975 2127; x_wconf 89' lang='lat' dir='ltr'>negotium</span> <span class='ocrx_word' id='word_1_139' title='bbox 991 2049 1095 2109; x_wconf 91' lang='lat' dir='ltr'>totum</span> <span class='ocrx_word' id='word_1_140' title='bbox 1112 2049 1146 2109; x_wconf 91' lang='lat' dir='ltr'>et</span> <span class='ocrx_word' id='word_1_141' title='bbox 1161 2065 1292 2111; x_wconf 88' lang='lat' dir='ltr'>oausam</span> 
     </span>
     <span class='ocr_line' id='line_1_18' title="bbox 129 2149 1292 2236; baseline -0.001 -18"><span class='ocrx_word' id='word_1_142' title='bbox 129 2172 255 2218; x_wconf 88' lang='lat' dir='ltr'>omnem</span> <span class='ocrx_word' id='word_1_143' title='bbox 279 2172 350 2217; x_wconf 90' lang='lat' dir='ltr'>cum</span> <span class='ocrx_word' id='word_1_144' title='bbox 367 2150 464 2216; x_wconf 88' lang='lat' dir='ltr'>celeri</span> <span class='ocrx_word' id='word_1_145' title='bbox 486 2152 598 2216; x_wconf 90' lang='lat' dir='ltr'>nuntio</span> <span class='ocrx_word' id='word_1_146' title='bbox 619 2150 662 2217; x_wconf 88' lang='lat' dir='ltr'>ad</span> <span class='ocrx_word' id='word_1_147' title='bbox 678 2150 980 2215; x_wconf 89' lang='lat' dir='ltr'>reverendissimum</span> <span class='ocrx_word' id='word_1_148' title='bbox 1004 2149 1292 2236; x_wconf 87' lang='lat' dir='ltr'>archiepiscopum,</span> 
     </span>
     <span class='ocr_line' id='line_1_19' title="bbox 127 2255 1289 2342; baseline 0 -19"><span class='ocrx_word' id='word_1_149' title='bbox 127 2258 291 2324; x_wconf 90' lang='lat' dir='ltr'>domiuum</span> <span class='ocrx_word' id='word_1_150' title='bbox 315 2256 538 2340; x_wconf 88' lang='lat' dir='ltr'>Moguntinum</span> <span class='ocrx_word' id='word_1_151' title='bbox 561 2261 638 2322; x_wconf 89' lang='lat' dir='ltr'>tuuc</span> <span class='ocrx_word' id='word_1_152' title='bbox 661 2257 694 2321; x_wconf 92' lang='lat' dir='ltr'>in</span> <span class='ocrx_word' id='word_1_153' title='bbox 711 2255 982 2322; x_wconf 76' lang='lat' dir='ltr'>Asthaffelnach2</span> <span class='ocrx_word' id='word_1_154' title='bbox 1006 2255 1209 2337; x_wconf 86' lang='lat' dir='ltr'>existentem,</span> <span class='ocrx_word' id='word_1_155' title='bbox 1232 2278 1289 2342; x_wconf 86' lang='lat' dir='ltr'>per</span> 
     </span>
     <span class='ocr_line' id='line_1_20' title="bbox 125 2361 1287 2447; baseline 0.001 -19"><span class='ocrx_word' id='word_1_156' title='bbox 125 2362 239 2429; x_wconf 89' lang='lat' dir='ltr'>literas</span> <span class='ocrx_word' id='word_1_157' title='bbox 254 2363 422 2442; x_wconf 88' lang='lat' dir='ltr'>miseruut,</span> <span class='ocrx_word' id='word_1_158' title='bbox 446 2363 500 2447; x_wconf 93' lang='lat' dir='ltr'>qui</span> <span class='ocrx_word' id='word_1_159' title='bbox 524 2361 694 2429; x_wconf 85' lang='lat' dir='ltr'>confestim</span> <span class='ocrx_word' id='word_1_160' title='bbox 712 2362 734 2442; x_wconf 77' lang='lat'>³,</span> <span class='ocrx_word' id='word_1_161' title='bbox 757 2383 840 2442; x_wconf 84' lang='lat' dir='ltr'>mox,</span> <span class='ocrx_word' id='word_1_162' title='bbox 863 2362 949 2427; x_wconf 89' lang='lat' dir='ltr'>illico</span> <span class='ocrx_word' id='word_1_163' title='bbox 973 2363 1039 2427; x_wconf 90' lang='lat' dir='ltr'>suis</span> <span class='ocrx_word' id='word_1_164' title='bbox 1055 2362 1287 2429; x_wconf 88' lang='lat' dir='ltr'>commissariis</span> 
     </span>
     <span class='ocr_line' id='line_1_21' title="bbox 125 2468 1289 2553; baseline -0.002 -17"><span class='ocrx_word' id='word_1_165' title='bbox 125 2469 303 2553; x_wconf 85' lang='lat' dir='ltr'>rescripsit,</span> <span class='ocrx_word' id='word_1_166' title='bbox 334 2473 371 2534; x_wconf 92' lang='lat' dir='ltr'>ut</span> <span class='ocrx_word' id='word_1_167' title='bbox 393 2474 502 2534; x_wconf 88' lang='lat' dir='ltr'>actum</span> <span class='ocrx_word' id='word_1_168' title='bbox 526 2470 763 2553; x_wconf 87' lang='lat' dir='ltr'>suspenderent</span> <span class='ocrx_word' id='word_1_169' title='bbox 785 2468 827 2534; x_wconf 90' lang='lat' dir='ltr'>ad</span> <span class='ocrx_word' id='word_1_170' title='bbox 849 2468 969 2534; x_wconf 88' lang='lat' dir='ltr'>mensis</span> <span class='ocrx_word' id='word_1_171' title='bbox 993 2468 1149 2552; x_wconf 86' lang='lat' dir='ltr'>spatium,</span> <span class='ocrx_word' id='word_1_172' title='bbox 1174 2468 1215 2534; x_wconf 88' lang='lat' dir='ltr'>de</span> <span class='ocrx_word' id='word_1_173' title='bbox 1239 2489 1289 2534; x_wconf 92' lang='lat' dir='ltr'>vo·</span> 
     </span>
     <span class='ocr_line' id='line_1_22' title="bbox 124 2573 1287 2660; baseline 0 -20"><span class='ocrx_word' id='word_1_174' title='bbox 124 2575 251 2642; x_wconf 89' lang='lat' dir='ltr'>luntate</span> <span class='ocrx_word' id='word_1_175' title='bbox 274 2576 475 2660; x_wconf 87' lang='lat' dir='ltr'>inquisitoris</span> <span class='ocrx_word' id='word_1_176' title='bbox 500 2582 533 2640; x_wconf 90' lang='lat' dir='ltr'>et</span> <span class='ocrx_word' id='word_1_177' title='bbox 555 2597 686 2641; x_wconf 90' lang='lat' dir='ltr'>suorum</span> <span class='ocrx_word' id='word_1_178' title='bbox 711 2582 786 2654; x_wconf 81' lang='lat' dir='ltr'>etc,</span> <span class='ocrx_word' id='word_1_179' title='bbox 817 2573 877 2639; x_wconf 88' lang='lat' dir='ltr'>sub</span> <span class='ocrx_word' id='word_1_180' title='bbox 901 2595 958 2658; x_wconf 91' lang='lat' dir='ltr'>spe</span> <span class='ocrx_word' id='word_1_181' title='bbox 981 2574 1074 2641; x_wconf 90' lang='lat' dir='ltr'>bonae</span> <span class='ocrx_word' id='word_1_182' title='bbox 1098 2573 1287 2656; x_wconf 80' lang='lat' dir='ltr'>eoncordia,</span> 
     </span>
     <span class='ocr_line' id='line_1_23' title="bbox 127 2679 1288 2767; baseline -0.001 -20"><span class='ocrx_word' id='word_1_183' title='bbox 127 2683 218 2767; x_wconf 89' lang='lat' dir='ltr'>cujus</span> <span class='ocrx_word' id='word_1_184' title='bbox 241 2702 302 2747; x_wconf 91' lang='lat' dir='ltr'>sua</span> <span class='ocrx_word' id='word_1_185' title='bbox 325 2681 501 2747; x_wconf 88' lang='lat' dir='ltr'>dominatio</span> <span class='ocrx_word' id='word_1_186' title='bbox 525 2682 670 2766; x_wconf 88' lang='lat' dir='ltr'>pollicita</span> <span class='ocrx_word' id='word_1_187' title='bbox 693 2687 744 2746; x_wconf 88' lang='lat' dir='ltr'>est</span> <span class='ocrx_word' id='word_1_188' title='bbox 773 2679 881 2744; x_wconf 88' lang='lat' dir='ltr'>media</span> <span class='ocrx_word' id='word_1_189' title='bbox 904 2681 1056 2746; x_wconf 89' lang='lat' dir='ltr'>iuvenire.</span> <span class='ocrx_word' id='word_1_190' title='bbox 1102 2679 1159 2746; x_wconf 89' lang='lat' dir='ltr'>Sin</span> <span class='ocrx_word' id='word_1_191' title='bbox 1181 2687 1288 2746; x_wconf 90' lang='lat' dir='ltr'>autem</span> 
     </span>
     <span class='ocr_line' id='line_1_24' title="bbox 125 2786 1290 2872; baseline -0.001 -19"><span class='ocrx_word' id='word_1_192' title='bbox 125 2787 250 2854; x_wconf 90' lang='lat' dir='ltr'>nollent</span> <span class='ocrx_word' id='word_1_193' title='bbox 282 2787 464 2852; x_wconf 88' lang='lat' dir='ltr'>consentire</span> <span class='ocrx_word' id='word_1_194' title='bbox 495 2788 528 2852; x_wconf 93' lang='lat' dir='ltr'>in</span> <span class='ocrx_word' id='word_1_195' title='bbox 564 2786 814 2872; x_wconf 87' lang='lat' dir='ltr'>suspensionem,</span> <span class='ocrx_word' id='word_1_196' title='bbox 850 2792 927 2851; x_wconf 90' lang='lat' dir='ltr'>tuno</span> <span class='ocrx_word' id='word_1_197' title='bbox 956 2787 1120 2853; x_wconf 89' lang='lat' dir='ltr'>revocavit</span> <span class='ocrx_word' id='word_1_198' title='bbox 1148 2808 1214 2867; x_wconf 92' lang='lat' dir='ltr'>eos,</span> <span class='ocrx_word' id='word_1_199' title='bbox 1251 2807 1290 2852; x_wconf 89' lang='lat' dir='ltr'>ue</span> 
     </span>
     <span class='ocr_line' id='line_1_25' title="bbox 125 2891 1291 2978; baseline -0.002 -18"><span class='ocrx_word' id='word_1_200' title='bbox 125 2894 213 2961; x_wconf 89' lang='lat' dir='ltr'>ultra</span> <span class='ocrx_word' id='word_1_201' title='bbox 235 2892 458 2978; x_wconf 88' lang='lat' dir='ltr'>procederent,</span> <span class='ocrx_word' id='word_1_202' title='bbox 481 2893 625 2978; x_wconf 91' lang='lat' dir='ltr'>alioquin</span> <span class='ocrx_word' id='word_1_203' title='bbox 648 2892 827 2958; x_wconf 90' lang='lat' dir='ltr'>declaravit</span> <span class='ocrx_word' id='word_1_204' title='bbox 849 2900 924 2956; x_wconf 90' lang='lat' dir='ltr'>acta</span> <span class='ocrx_word' id='word_1_205' title='bbox 946 2914 1005 2976; x_wconf 91' lang='lat' dir='ltr'>per</span> <span class='ocrx_word' id='word_1_206' title='bbox 1029 2913 1084 2958; x_wconf 91' lang='lat' dir='ltr'>eos</span> <span class='ocrx_word' id='word_1_207' title='bbox 1108 2897 1141 2958; x_wconf 91' lang='lat' dir='ltr'>et</span> <span class='ocrx_word' id='word_1_208' title='bbox 1165 2891 1291 2977; x_wconf 81' lang='lat' dir='ltr'>agendo</span> 
     </span>
     <span class='ocr_line' id='line_1_26' title="bbox 126 2997 1290 3082; baseline -0.001 -17"><span class='ocrx_word' id='word_1_209' title='bbox 126 2998 245 3065; x_wconf 89' lang='lat' dir='ltr'>nullius</span> <span class='ocrx_word' id='word_1_210' title='bbox 269 3020 339 3064; x_wconf 86' lang='lat' dir='ltr'>esse</span> <span class='ocrx_word' id='word_1_211' title='bbox 364 2998 490 3064; x_wconf 90' lang='lat' dir='ltr'>roboris</span> <span class='ocrx_word' id='word_1_212' title='bbox 513 3021 551 3064; x_wconf 91' lang='lat' dir='ltr'>ao</span> <span class='ocrx_word' id='word_1_213' title='bbox 574 2998 746 3077; x_wconf 88' lang='lat' dir='ltr'>firmitatis,</span> <span class='ocrx_word' id='word_1_214' title='bbox 770 2999 833 3063; x_wconf 93' lang='lat' dir='ltr'>imo</span> <span class='ocrx_word' id='word_1_215' title='bbox 857 3019 941 3063; x_wconf 90' lang='lat' dir='ltr'>nuno</span> <span class='ocrx_word' id='word_1_216' title='bbox 960 3004 1112 3082; x_wconf 83' lang='lat' dir='ltr'>protunc</span> <span class='ocrx_word' id='word_1_217' title='bbox 1129 2997 1290 3065; x_wconf 84' lang='lat' dir='ltr'>eaomuia</span> 
     </span>
     <span class='ocr_line' id='line_1_27' title="bbox 126 3102 1291 3189; baseline 0.001 -18"><span class='ocrx_word' id='word_1_218' title='bbox 126 3104 275 3185; x_wconf 83' lang='lat' dir='ltr'>cassavit,</span> <span class='ocrx_word' id='word_1_219' title='bbox 298 3104 447 3186; x_wconf 88' lang='lat' dir='ltr'>irritavit,</span> <span class='ocrx_word' id='word_1_220' title='bbox 472 3104 652 3170; x_wconf 88' lang='lat' dir='ltr'>adnullavit</span> <span class='ocrx_word' id='word_1_221' title='bbox 675 3109 708 3169; x_wconf 91' lang='lat' dir='ltr'>et</span> <span class='ocrx_word' id='word_1_222' title='bbox 735 3103 824 3167; x_wconf 90' lang='lat' dir='ltr'>nulla</span> <span class='ocrx_word' id='word_1_223' title='bbox 847 3124 917 3168; x_wconf 88' lang='lat' dir='ltr'>esse</span> <span class='ocrx_word' id='word_1_224' title='bbox 948 3104 1050 3170; x_wconf 88' lang='lat' dir='ltr'>voluit</span> <span class='ocrx_word' id='word_1_225' title='bbox 1077 3126 1137 3189; x_wconf 92' lang='lat' dir='ltr'>pro</span> <span class='ocrx_word' id='word_1_226' title='bbox 1166 3102 1291 3172; x_wconf 79' lang='lat' dir='ltr'>meliori</span> 
     </span>
     <span class='ocr_line' id='line_1_28' title="bbox 126 3195 1267 3279; baseline -0.001 -1"><span class='ocrx_word' id='word_1_227' title='bbox 126 3213 240 3279; x_wconf 86' lang='lat' dir='ltr'>forma.</span> <span class='ocrx_word' id='word_1_228' title='bbox 1262 3195 1267 3205; x_wconf 48' lang='lat'><em>⁶</em></span> 
     </span>
     <span class='ocr_line' id='line_1_29' title="bbox 215 3314 1288 3403; baseline -0.003 -19"><span class='ocrx_word' id='word_1_229' title='bbox 215 3318 355 3403; x_wconf 87' lang='lat' dir='ltr'>Jamjam</span> <span class='ocrx_word' id='word_1_230' title='bbox 397 3316 514 3382; x_wconf 89' lang='lat' dir='ltr'>aderat</span> <span class='ocrx_word' id='word_1_231' title='bbox 548 3314 704 3380; x_wconf 91' lang='lat' dir='ltr'>terribilis</span> <span class='ocrx_word' id='word_1_232' title='bbox 740 3315 795 3380; x_wconf 90' lang='lat' dir='ltr'>ille</span> <span class='ocrx_word' id='word_1_233' title='bbox 830 3315 899 3381; x_wconf 91' lang='lat' dir='ltr'>dies</span> <span class='ocrx_word' id='word_1_234' title='bbox 934 3314 1104 3382; x_wconf 88' lang='lat' dir='ltr'>sententiae</span> <span class='ocrx_word' id='word_1_235' title='bbox 1139 3314 1288 3396; x_wconf 78' lang='lat' dir='ltr'>ferendae,</span> 
     </span>
     <span class='ocr_line' id='line_1_30' title="bbox 127 3420 1290 3510; baseline -0.002 -20"><span class='ocrx_word' id='word_1_236' title='bbox 127 3444 198 3510; x_wconf 88' lang='lat' dir='ltr'>quae</span> <span class='ocrx_word' id='word_1_237' title='bbox 221 3423 284 3490; x_wconf 88' lang='lat' dir='ltr'>fuit</span> <span class='ocrx_word' id='word_1_238' title='bbox 312 3429 431 3507; x_wconf 87' lang='lat' dir='ltr'>quarta</span> <span class='ocrx_word' id='word_1_239' title='bbox 460 3422 543 3487; x_wconf 90' lang='lat' dir='ltr'>feria</span> <span class='ocrx_word' id='word_1_240' title='bbox 565 3420 588 3502; x_wconf 75' lang='lat'>4,</span> <span class='ocrx_word' id='word_1_241' title='bbox 618 3422 651 3486; x_wconf 91' lang='lat' dir='ltr'>in</span> <span class='ocrx_word' id='word_1_242' title='bbox 675 3444 739 3506; x_wconf 92' lang='lat' dir='ltr'>qua</span> <span class='ocrx_word' id='word_1_243' title='bbox 762 3428 908 3487; x_wconf 90' lang='lat' dir='ltr'>creatum</span> <span class='ocrx_word' id='word_1_244' title='bbox 932 3426 983 3487; x_wconf 91' lang='lat' dir='ltr'>est</span> <span class='ocrx_word' id='word_1_245' title='bbox 1005 3421 1163 3486; x_wconf 86' lang='lat' dir='ltr'>luminare</span> <span class='ocrx_word' id='word_1_246' title='bbox 1187 3421 1290 3488; x_wconf 87' lang='lat' dir='ltr'>miuus</span> 
     </span>
     <span class='ocr_line' id='line_1_31' title="bbox 126 3526 1291 3615; baseline 0 -20"><span class='ocrx_word' id='word_1_247' title='bbox 126 3535 164 3596; x_wconf 93' lang='lat' dir='ltr'>ut</span> <span class='ocrx_word' id='word_1_248' title='bbox 186 3536 342 3615; x_wconf 88' lang='lat' dir='ltr'>praeesset</span> <span class='ocrx_word' id='word_1_249' title='bbox 371 3528 458 3594; x_wconf 89' lang='lat' dir='ltr'>nocti</span> <span class='ocrx_word' id='word_1_250' title='bbox 475 3527 504 3593; x_wconf 87' lang='lat'>5:</span> <span class='ocrx_word' id='word_1_251' title='bbox 535 3534 568 3593; x_wconf 91' lang='lat' dir='ltr'>et</span> <span class='ocrx_word' id='word_1_252' title='bbox 599 3528 680 3593; x_wconf 91' lang='lat' dir='ltr'>hora</span> <span class='ocrx_word' id='word_1_253' title='bbox 707 3549 801 3593; x_wconf 91' lang='lat' dir='ltr'>mane</span> <span class='ocrx_word' id='word_1_254' title='bbox 832 3533 947 3593; x_wconf 89' lang='lat' dir='ltr'>octava</span> <span class='ocrx_word' id='word_1_255' title='bbox 975 3548 1048 3594; x_wconf 90' lang='lat' dir='ltr'>cum</span> <span class='ocrx_word' id='word_1_256' title='bbox 1077 3526 1222 3593; x_wconf 90' lang='lat' dir='ltr'>nondum</span> <span class='ocrx_word' id='word_1_257' title='bbox 1245 3548 1291 3595; x_wconf 88' lang='lat' dir='ltr'>re·</span> 
     </span>
     <span class='ocr_line' id='line_1_32' title="bbox 127 3630 1293 3720; baseline -0.002 -19"><span class='ocrx_word' id='word_1_258' title='bbox 127 3636 241 3711; x_wconf 90' lang='lat' dir='ltr'>diisset</span> <span class='ocrx_word' id='word_1_259' title='bbox 263 3658 284 3700; x_wconf 91' lang='lat' dir='ltr'>a</span> <span class='ocrx_word' id='word_1_260' title='bbox 307 3634 435 3700; x_wconf 89' lang='lat' dir='ltr'>domino</span> <span class='ocrx_word' id='word_1_261' title='bbox 453 3634 638 3718; x_wconf 88' lang='lat' dir='ltr'>Moguutiuo</span> <span class='ocrx_word' id='word_1_262' title='bbox 661 3634 796 3699; x_wconf 88' lang='lat' dir='ltr'>nuncius</span> <span class='ocrx_word' id='word_1_263' title='bbox 820 3638 1096 3720; x_wconf 90' lang='lat' dir='ltr'>praememoratus,</span> <span class='ocrx_word' id='word_1_264' title='bbox 1120 3653 1181 3698; x_wconf 89' lang='lat' dir='ltr'>uec</span> <span class='ocrx_word' id='word_1_265' title='bbox 1197 3630 1293 3699; x_wconf 67' lang='lat' dir='ltr'>anteo</span> 
     </span>
     <span class='ocr_line' id='line_1_33' title="bbox 127 3737 1291 3827; baseline -0.003 -19"><span class='ocrx_word' id='word_1_266' title='bbox 127 3742 246 3827; x_wconf 88' lang='lat' dir='ltr'>aliquis</span> <span class='ocrx_word' id='word_1_267' title='bbox 284 3740 546 3807; x_wconf 88' lang='lat' dir='ltr'>adversariorum</span> <span class='ocrx_word' id='word_1_268' title='bbox 579 3761 724 3806; x_wconf 90' lang='lat' dir='ltr'>meorum</span> <span class='ocrx_word' id='word_1_269' title='bbox 760 3740 858 3806; x_wconf 88' lang='lat' dir='ltr'>sciret</span> <span class='ocrx_word' id='word_1_270' title='bbox 890 3740 1063 3824; x_wconf 89' lang='lat' dir='ltr'>quicquam</span> <span class='ocrx_word' id='word_1_271' title='bbox 1099 3737 1140 3804; x_wconf 87' lang='lat' dir='ltr'>de</span> <span class='ocrx_word' id='word_1_272' title='bbox 1176 3738 1291 3805; x_wconf 91' lang='lat' dir='ltr'>nuncio</span> 
     </span>
     <span class='ocr_line' id='line_1_34' title="bbox 126 3843 1292 3931; baseline -0.003 -18"><span class='ocrx_word' id='word_1_273' title='bbox 126 3849 225 3915; x_wconf 89' lang='lat' dir='ltr'>misso</span> <span class='ocrx_word' id='word_1_274' title='bbox 248 3853 306 3913; x_wconf 86' lang='lat' dir='ltr'>aut</span> <span class='ocrx_word' id='word_1_275' title='bbox 329 3847 524 3912; x_wconf 89' lang='lat' dir='ltr'>remittendo</span> <span class='ocrx_word' id='word_1_276' title='bbox 547 3852 705 3913; x_wconf 85' lang='lat' dir='ltr'>venerunt</span> <span class='ocrx_word' id='word_1_277' title='bbox 728 3851 761 3911; x_wconf 90' lang='lat' dir='ltr'>et</span> <span class='ocrx_word' id='word_1_278' title='bbox 783 3867 944 3931; x_wconf 91' lang='lat' dir='ltr'>pavonum</span> <span class='ocrx_word' id='word_1_279' title='bbox 967 3843 1132 3930; x_wconf 89' lang='lat' dir='ltr'>gressibus</span> <span class='ocrx_word' id='word_1_280' title='bbox 1154 3843 1292 3911; x_wconf 77' lang='lat' dir='ltr'>incesse</span> 
     </span>
    </p>
   </div>
   <div class='ocr_carea' id='block_1_3' title="bbox 36 3950 1293 4037">
    <p class='ocr_par' dir='ltr' id='par_1_3' title="bbox 36 3950 1293 4037">
     <span class='ocr_line' id='line_1_35' title="bbox 36 3950 1293 4037; baseline -0.003 -17"><span class='ocrx_word' id='word_1_281' title='bbox 36 3988 39 3993; x_wconf 93' lang='lat'><strong>·</strong></span> <span class='ocrx_word' id='word_1_282' title='bbox 126 3960 203 4020; x_wconf 88' lang='lat' dir='ltr'>runt</span> <span class='ocrx_word' id='word_1_283' title='bbox 230 3952 421 4037; x_wconf 86' lang='lat' dir='ltr'>amplissimi</span> <span class='ocrx_word' id='word_1_284' title='bbox 452 3959 563 4037; x_wconf 91' lang='lat' dir='ltr'>patres</span> <span class='ocrx_word' id='word_1_285' title='bbox 593 3959 626 4019; x_wconf 87' lang='lat' dir='ltr'>et</span> <span class='ocrx_word' id='word_1_286' title='bbox 655 3952 775 4019; x_wconf 87' lang='lat' dir='ltr'>fratres</span> <span class='ocrx_word' id='word_1_287' title='bbox 804 3952 1037 4037; x_wconf 88' lang='lat' dir='ltr'>praedicatores</span> <span class='ocrx_word' id='word_1_288' title='bbox 1069 3971 1141 4016; x_wconf 93' lang='lat' dir='ltr'>oum</span> <span class='ocrx_word' id='word_1_289' title='bbox 1165 3970 1225 4016; x_wconf 89' lang='lat' dir='ltr'>suo</span> <span class='ocrx_word' id='word_1_290' title='bbox 1247 3950 1293 4016; x_wconf 89' lang='lat' dir='ltr'>in·</span> 
     </span>
    </p>
   </div>
   <div class='ocr_carea' id='block_1_4' title="bbox 202 4068 1294 4200">
    <p class='ocr_par' dir='ltr' id='par_1_4' title="bbox 202 4068 1294 4200">
     <span class='ocr_line' id='line_1_36' title="bbox 202 4068 1294 4200; baseline -0.003 -20"><span class='ocrx_word' id='word_1_291' title='bbox 202 4135 212 4180; x_wconf 95' lang='lat' dir='ltr'>l</span> <span class='ocrx_word' id='word_1_292' title='bbox 235 4130 360 4194; x_wconf 84' lang='lat' dir='ltr'>Quartam</span> <span class='ocrx_word' id='word_1_293' title='bbox 372 4132 474 4200; x_wconf 82' lang='lat' dir='ltr'>feriam]</span> <span class='ocrx_word' id='word_1_294' title='bbox 500 4135 530 4181; x_wconf 79' lang='lat'>12</span> <span class='ocrx_word' id='word_1_295' title='bbox 545 4129 617 4194; x_wconf 79' lang='lat' dir='ltr'>out,</span> <span class='ocrx_word' id='word_1_296' title='bbox 631 4135 690 4181; x_wconf 86' lang='lat' dir='ltr'>acta</span> <span class='ocrx_word' id='word_1_297' title='bbox 700 4068 755 4196; x_wconf 74' lang='lat' dir='ltr'>jlld.</span> <span class='ocrx_word' id='word_1_298' title='bbox 771 4132 790 4180; x_wconf 92' lang='lat' dir='ltr'>B</span> <span class='ocrx_word' id='word_1_299' title='bbox 806 4134 828 4181; x_wconf 84' lang='lat'>3.</span> <span class='ocrx_word' id='word_1_300' title='bbox 903 4134 917 4178; x_wconf 80' lang='lat'><strong>2</strong></span> <span class='ocrx_word' id='word_1_301' title='bbox 938 4126 1294 4179; x_wconf 67' lang='lat' dir='ltr'>Astbaffelnach=lsohuf=</span> 
     </span>
    </p>
   </div>
   <div class='ocr_carea' id='block_1_5' title="bbox 125 4216 1294 4468">
    <p class='ocr_par' dir='ltr' id='par_1_5' title="bbox 125 4216 1294 4468">
     <span class='ocr_line' id='line_1_37' title="bbox 125 4216 1294 4286; baseline -0.004 -16"><span class='ocrx_word' id='word_1_302' title='bbox 125 4218 243 4284; x_wconf 81' lang='lat' dir='ltr'>lenburg.</span> <span class='ocrx_word' id='word_1_303' title='bbox 317 4218 505 4286; x_wconf 71' lang='lat' dir='ltr'>sennanim]</span> <span class='ocrx_word' id='word_1_304' title='bbox 533 4217 602 4269; x_wconf 85' lang='lat' dir='ltr'>brief</span> <span class='ocrx_word' id='word_1_305' title='bbox 618 4219 663 4269; x_wconf 89' lang='lat' dir='ltr'>dos</span> <span class='ocrx_word' id='word_1_306' title='bbox 681 4220 843 4270; x_wconf 83' lang='lat' dir='ltr'>srzbisehofs</span> <span class='ocrx_word' id='word_1_307' title='bbox 870 4233 920 4268; x_wconf 92' lang='lat' dir='ltr'>von</span> <span class='ocrx_word' id='word_1_308' title='bbox 953 4222 981 4267; x_wconf 81' lang='lat'>12</span> <span class='ocrx_word' id='word_1_309' title='bbox 1003 4218 1064 4268; x_wconf 75' lang='lat' dir='ltr'>out.</span> <span class='ocrx_word' id='word_1_310' title='bbox 1085 4216 1128 4266; x_wconf 80' lang='lat' dir='ltr'>dia</span> <span class='ocrx_word' id='word_1_311' title='bbox 1146 4222 1207 4266; x_wconf 84' lang='lat' dir='ltr'>acta</span> <span class='ocrx_word' id='word_1_312' title='bbox 1226 4216 1247 4264; x_wconf 91' lang='lat' dir='ltr'>B</span> <span class='ocrx_word' id='word_1_313' title='bbox 1266 4219 1294 4265; x_wconf 76' lang='lat' dir='ltr'>l·</span> 
     </span>
     <span class='ocr_line' id='line_1_38' title="bbox 125 4305 1294 4381; baseline 0 -24"><span class='ocrx_word' id='word_1_314' title='bbox 125 4305 798 4381; x_wconf 80' lang='lat' dir='ltr'>gobenauchnureinelnhallsangabedesselben.</span> <span class='ocrx_word' id='word_1_315' title='bbox 849 4305 991 4379; x_wconf 73' lang='lat' dir='ltr'>lQuarta]</span> <span class='ocrx_word' id='word_1_316' title='bbox 1019 4311 1049 4357; x_wconf 83' lang='lat'>12</span> <span class='ocrx_word' id='word_1_317' title='bbox 1069 4305 1130 4356; x_wconf 86' lang='lat' dir='ltr'>Okt.</span> <span class='ocrx_word' id='word_1_318' title='bbox 1182 4305 1294 4362; x_wconf 69' lang='lat' dir='ltr'>ocrea·</span> 
     </span>
     <span class='ocr_line' id='line_1_39' title="bbox 128 4395 442 4468; baseline 0.003 -21"><span class='ocrx_word' id='word_1_319' title='bbox 128 4399 182 4448; x_wconf 88' lang='lat' dir='ltr'>tum</span> <span class='ocrx_word' id='word_1_320' title='bbox 201 4395 251 4468; x_wconf 80' lang='lat' dir='ltr'>est]</span> <span class='ocrx_word' id='word_1_321' title='bbox 270 4397 335 4448; x_wconf 86' lang='lat' dir='ltr'>Gen.</span> <span class='ocrx_word' id='word_1_322' title='bbox 359 4399 381 4461; x_wconf 89' lang='lat'>1,</span> <span class='ocrx_word' id='word_1_323' title='bbox 403 4397 442 4454; x_wconf 75' lang='lat'>16,</span> 
     </span>
    </p>
   </div>
   <div class='ocr_carea' id='block_1_6' title="bbox 0 0 1400 4882">
    <p class='ocr_par' dir='ltr' id='par_1_6' title="bbox 0 0 1400 4882">
     <span class='ocr_line' id='line_1_40' title="bbox 0 0 1400 4882; baseline 0 0"><span class='ocrx_word' id='word_1_324' title='bbox 0 0 1400 4882; x_wconf 95' lang='lat' dir='ltr'> </span> 
     </span>
    </p>
   </div>
  </div>
 </body>
</html>
