2716 4898
621 263 663 328 45

53 458 91 516 ut
110 452 181 535 jam
205 451 283 516 mibi
306 452 434 518 futurus
465 453 509 518 sis
533 452 617 518 alter
641 474 714 534 ego,
747 453 923 520 inviderem
952 454 1064 540 utique
1093 455 1152 520 tibi
1176 461 1225 520 tot

54 578 140 622 nova
164 578 235 640 quae
258 556 352 622 nobis
375 557 520 641 quotidie
544 557 627 622 istac
651 556 841 635 afferuntur,
872 559 968 624 modo
991 560 1105 625 auditu
1129 559 1224 624 modo

56 664 126 728 visu
152 663 257 746 digna.
304 663 446 728 Primum
475 662 587 728 ¹illud
623 663 730 729 nescio
755 662 832 746 quid
855 663 895 728 de
926 673 1034 748 strage
1058 665 1225 730 Gallorum

55 776 89 834 et
112 770 183 852 ejus
207 769 292 851 regis
309 767 432 833 difficili
458 768 562 833 salute
587 769 678 832 caesis
695 766 885 834 Insubribus
906 768 1054 850 obtenta;
1079 779 1147 835 tum
1167 770 1242 834 ali-¹

55 895 153 957 quem
176 874 301 938 militiae
325 873 461 939 Venetae
491 874 658 939 ductorem
688 895 752 939 non
776 874 843 940 sine
868 890 999 940 suorum
1023 876 1157 940 interitu
1178 876 1225 940 in-

55 978 238 1058 terfectum,
266 979 382 1046 deinde
411 979 686 1062 Parthenopeium
711 986 912 1063 regnatorem
936 980 1072 1064 Neapoli
1096 980 1226 1047 restitu-

55 1091 133 1150 tum.
181 1085 251 1162 Quo
275 1085 353 1150 mibi
377 1084 507 1169 quidem
530 1084 634 1150 videri
659 1084 778 1150 debeat
801 1085 882 1150 illud
909 1106 1065 1170 perquam
1093 1092 1225 1152 venuste

56 1191 222 1270 cecidisse,
247 1190 334 1275 quod
349 1190 408 1256 abs
432 1197 465 1258 te
481 1211 609 1275 quoque
634 1189 848 1256 animadverti
870 1191 977 1275 potuit
993 1198 1031 1257 ut
1046 1190 1088 1256 ab
1103 1191 1226 1257 insultu
1304 1250 1306 1255 .

54 1296 229 1381 hecquem
246 1296 488 1376 destinavimus,
512 1296 652 1380 imperio
668 1302 779 1362 nostro
795 1296 1025 1380 quiescendum
1046 1297 1097 1361 sit.
1136 1297 1226 1362 Heus

55 1409 91 1467 tu
119 1423 197 1466 num
230 1401 264 1467 id
292 1403 339 1468 ita
366 1404 484 1486 putas?
523 1404 572 1466 An
600 1402 684 1468 forte
713 1422 841 1485 semper
868 1401 1122 1486 belligerandum
1153 1401 1227 1467 est?

55 1507 103 1572 Τιι
125 1513 237 1573 tamen
261 1507 512 1591 prudentissime
536 1507 648 1587 faoies,
680 1509 706 1572 si
737 1507 781 1572 ad
805 1527 917 1591 pacem
942 1529 1013 1591 quae
1044 1507 1227 1573 conducant

54 1613 269 1696 persuadeas,
303 1613 361 1678 sed
389 1620 493 1679 terret
522 1620 650 1679 exteros
674 1612 811 1677 forsitan
837 1612 962 1696 inquies
986 1611 1141 1678 horribile
1164 1611 1226 1677 boc

55 1739 192 1784 examen
216 1718 460 1785 Germanorum.
506 1719 666 1803 Equidem
690 1739 752 1783 non
777 1739 847 1782 sum
871 1718 997 1783 nescius
1023 1718 1098 1802 quin
1127 1717 1226 1783 couti-

54 1825 124 1890 neri
151 1824 267 1890 vestris
290 1823 407 1889 finibus
431 1824 648 1908 aegreferatis,
673 1823 813 1888 maxime
839 1845 911 1888 oum
937 1844 1000 1889 non
1033 1845 1072 1888 ex
1096 1823 1227 1889 fortuna

55 1929 112 1996 sed
136 1951 177 1994 ex
202 1931 321 1995 virtute
344 1928 551 2015 pendeamus.
598 1929 673 1995 Sola
697 1927 886 1994 recordatio
903 1928 1056 1994 Germani
1080 1927 1226 2006 nominis,

53 2058 118 2101 uua
133 2034 193 2101 illa
208 2036 293 2120 regis
309 2036 412 2100 nostri
428 2035 659 2102 confoederatio
678 2034 699 2111 ²,
723 2033 773 2098 vel
797 2033 949 2100 minimus
972 2036 1034 2099 iste
1050 2055 1161 2099 rumor
1176 2053 1227 2098 ar-

54 2163 181 2208 morum
211 2141 442 2225 Teutonioique
471 2147 662 2225 apparatus,
695 2140 797 2205 tantis
825 2139 946 2205 ictibus
969 2141 1088 2223 Regem
1112 2138 1227 2204 Galliae

55 2247 207 2330 pulsauit,
230 2253 267 2313 ut
291 2247 373 2330 fugae
397 2246 552 2312 auxilium
575 2247 603 2311 is
626 2245 757 2310 tandem
779 2244 978 2311 commodius
1003 2243 1064 2309 sibi
1088 2243 1227 2309 duxerit.

58 2352 142 2430 Quid
165 2353 284 2436 igitur?
308 2353 321 2391 ³
344 2352 572 2418 Cessabimus?
596 2372 636 2416 an
660 2372 725 2416 non
748 2350 918 2415 frudamur
934 2349 1090 2415 facultate
1115 2356 1228 2416 nostra

59 2457 115 2523 illa
130 2457 254 2541 inclyta
274 2458 386 2542 stipati
409 2457 520 2523 multis
544 2457 732 2522 fortissimis
755 2461 853 2540 atque
878 2455 1008 2539 optimis
1031 2454 1129 2521 viris?
1164 2453 1229 2521 Sed

57 2564 181 2629 cavesis
215 2563 258 2628 ad
288 2564 454 2648 scopulum
487 2564 664 2646 impangas.
720 2561 803 2626 Audi
836 2559 1070 2644 quambenigne
1102 2579 1227 2624 mecum

58 2668 107 2734 bis
132 2667 248 2734 diebus
272 2676 379 2734 aetum
403 2670 461 2749 sit;
490 2690 574 2746 nam,
604 2689 676 2733 oum
700 2667 774 2733 istic
797 2672 831 2731 te
855 2687 928 2730 cum
952 2687 969 2730 e
994 2663 1160 2730 sodalibus
1184 2669 1226 2742 et,

61 2774 147 2858 quod
170 2775 272 2853 aiunt,
295 2773 407 2839 amicis
430 2775 510 2839 meis
535 2775 683 2838 inventus
707 2778 793 2837 esset
808 2773 822 2811 ⁴
837 2778 905 2836 tam
928 2769 1081 2855 praesenti
1104 2789 1142 2834 ac
1159 2775 1227 2833 tam

60 2880 112 2964 pio
136 2879 349 2944 humanitatis
372 2879 477 2946 officio
504 2879 663 2963 praeditus
687 2877 829 2943 omnium
858 2896 951 2941 nemo
976 2875 1032 2959 qui
1058 2894 1164 2958 neque
1187 2872 1228 2937 de

60 2985 158 3051 rebus
182 2984 245 3051 illis
268 2986 358 3051 nouis
382 2986 414 3050 in
438 2984 535 3050 Italia
557 2985 684 3069 pridem
708 2984 809 3067 gestis
833 3002 937 3066 neque
961 2980 1001 3046 de
1024 2980 1228 3045 comitiorum

60 3097 241 3157 vestrorum
264 3091 459 3175 spectaculis
482 3089 665 3156 illustribus
689 3109 740 3154 me
756 3094 843 3154 tecto
860 3093 893 3152 et
909 3086 1025 3152 umbra
1041 3085 1127 3150 domi
1144 3104 1229 3148 com·

60 3203 241 3263 morantem
272 3196 284 3234 ⁵
316 3197 426 3282 aliqua
457 3218 496 3261 ex
528 3204 622 3280 parte
655 3195 779 3260 faceret
814 3193 1000 3270 certiorem,
1033 3191 1116 3256 bano
1150 3188 1228 3253 mihi

60 3302 242 3368 molestiam
264 3301 469 3386 percogitans
492 3302 623 3380 accessi,
648 3307 684 3365 ut
708 3322 793 3384 saepe
816 3298 904 3363 soleo
928 3296 1109 3381 Apollinem
1125 3315 1228 3360 meum

61 3407 146 3473 illum
171 3408 346 3493 poeticum,
378 3429 473 3491 quem
497 3407 553 3473 ubi
577 3407 703 3472 cithara
734 3403 871 3470 demulsi
901 3423 960 3486 pro
990 3421 1080 3466 more
1104 3421 1229 3483 proque

61 3513 220 3598 dignitate
251 3514 403 3598 perquiro
435 3519 502 3577 tam
533 3512 649 3576 seriem
681 3516 844 3593 gestorum
875 3507 977 3572 Italiae
1005 3526 1102 3590 quam
1132 3502 1228 3568 finem

61 3618 294 3702 gerundorum,
326 3619 439 3702 utqui
464 3617 603 3682 humano
630 3637 758 3681 caream
782 3613 898 3679 solatio
922 3632 985 3677 non
1010 3610 1108 3675 etiam
1132 3608 1231 3675 desti-

61 3733 136 3789 tuar
160 3724 277 3789 divino.
323 3724 400 3788 Haec
424 3743 482 3805 ego
506 3729 613 3787 tecum
636 3743 695 3805 pro
719 3719 873 3786 amiciciae
896 3738 1000 3802 nuper
1021 3716 1109 3781 initae
1126 3714 1138 3754 ⁶
1154 3713 1231 3798 legi·

62 3828 121 3896 bus
146 3835 180 3896 et
205 3829 387 3894 arctissima
411 3828 633 3893 familiaritate
656 3827 779 3911 loquor.
826 3824 931 3890 Offert
962 3822 1016 3888 ille
1046 3821 1119 3887 istis
1148 3820 1229 3885 meis

640 3962 656 3995 s

136 4031 146 4076 1
166 4025 219 4075 rar
238 4024 310 4076 disse
329 4023 487 4091 politiscben
508 4023 682 4073 vorhtthniase
701 4021 825 4071 verweise
845 4020 889 4069 iub
909 4018 955 4068 der
973 4018 1053 4068 biirae
1073 4013 1165 4064 bulber
1185 4012 1233 4062 auf

41 4114 189 4165 balteus:
217 4113 372 4180 geschichte
391 4112 557 4163 Maximillam
577 4112 596 4174 l,
619 4110 729 4175 Leipzig
751 4111 826 4171 1850,
846 4123 866 4158 s.
889 4108 938 4157 115
958 4105 984 4156 ff.
1051 4108 1065 4154 2
1086 4103 1140 4152 Der
1158 4099 1231 4151 hund

64 4201 226 4268 queuedig
243 4204 318 4252 1495.
339 4201 486 4252 Haltauss.
504 4203 560 4251 133.
616 4199 776 4264 tegiturt.
833 4198 994 4245 tesscutt.
1050 4188 1230 4255 5Vgl.1'tber

65 4292 134 4343 diese
160 4290 215 4341 und
239 4290 334 4341 audere
363 4289 457 4341 stollen
483 4287 529 4338 des
556 4285 753 4338 briefweebsels
781 4285 827 4334 mit
854 4281 928 4335 Wolf
954 4296 1004 4329 rou
1031 4277 1249 4343 Hei-managrtln.

65 4382 147 4432 meins
166 4377 231 4431 Mel.
251 4396 288 4431 or.
309 4394 328 4431 s.
349 4385 382 4429 «tt
403 4379 444 4431 bis
463 4381 505 4428 46.
571 4379 585 4425 6
606 4376 696 4425 iuvita
716 4380 740 4425 2.
