2716 4898
648 256 711 324 145

91 443 197 511 excidi
220 443 396 527 memoria3
415 446 484 532 jam
498 446 640 514 alterum
657 445 759 514 habes
779 444 963 526 Graeoum¹;
994 448 1028 513 id
1050 447 1110 514 tibi
1127 454 1179 516 sat
1202 454 1261 517 est.

91 548 259 634 complevi
289 550 463 635 epistolare
491 574 516 618 s.
540 552 742 639 Hieronymi,
771 552 865 637 cujus
895 552 976 619 duas
1006 560 1117 637 partes
1147 554 1266 620 Franc-

90 654 233 720 lordiam
262 650 337 721 misi
363 656 405 722 ad
435 658 594 732 nundinas
623 659 770 743 proxime
793 658 940 738 habitas,
976 659 1075 724 tertia
1104 679 1181 742 pars
1213 659 1263 726 rel

90 757 240 845 bajulum
269 767 422 845 expectat
454 762 504 828 vel
540 763 662 830 alteras
692 762 950 849 quadragesimae
979 762 1157 845 nundinas3
1187 784 1262 829 con-

90 872 256 931 summata
287 871 346 932 est.
392 867 476 933 Puto
505 887 556 934 me
587 869 694 934 omnia
717 868 789 933 loca
811 869 924 953 graeois
946 866 1149 955 hebraeisque
1180 889 1262 935 vacn

89 969 297 1054 arcplevisse.
342 970 436 1050 Quod
456 971 483 1037 si
499 971 717 1041 hallucinatus
737 973 855 1039 fuerim
878 978 911 1040 et
931 973 1055 1059 aliquid
1088 974 1260 1056 omiserim,

90 1076 247 1142 resartiet
270 1075 382 1143 Conon
403 1076 506 1144 frater
529 1085 640 1146 noster
668 1084 727 1144 aut
748 1079 858 1145 Bruno
888 1100 980 1146 meus
1009 1085 1042 1146 et
1064 1079 1151 1146 idem
1174 1087 1265 1162 tuus,

90 1179 146 1245 cui
170 1186 239 1245 tam
262 1202 366 1265 graeca
388 1204 488 1269 quam
515 1183 646 1250 hebraea
667 1204 770 1265 nunc,
798 1184 827 1252 si
850 1182 946 1266 volet,
970 1191 1059 1251 recte
1083 1184 1261 1252 credidero.

91 1287 120 1350 A
145 1285 266 1371 quibus
288 1287 368 1352 mihi
392 1310 597 1374 summopere
620 1289 801 1355 timendum
825 1296 884 1370 est,
908 1310 948 1356 ne
971 1289 1094 1357 laboris
1117 1292 1182 1358 mei
1206 1291 1267 1358 sibi

91 1391 232 1475 gloriam
259 1393 458 1479 praeripiant,
487 1402 526 1460 ut
549 1415 623 1462 cum
647 1395 779 1460 Marone
803 1415 900 1478 cogar
922 1395 1080 1462 scribere:
1113 1397 1180 1462 Hos
1204 1416 1263 1481 ego

91 1498 270 1564 versiculos
292 1498 364 1579 feci,
386 1497 465 1565 tulit
486 1498 571 1566 alter
594 1499 757 1566 honorem.
804 1499 856 1566 Sic
879 1519 936 1565 vos
958 1520 1023 1565 non
1039 1499 1138 1568 vobis.
1171 1501 1265 1568 Nunc

90 1602 190 1669 mitto
221 1603 264 1670 ad
295 1610 328 1670 te
360 1604 401 1671 de
428 1625 510 1672 novo
547 1611 744 1672 testamento
786 1623 857 1689 que
891 1605 1084 1671 restauravi.
1142 1605 1259 1672 Restat

90 1708 297 1795 psalterium,
319 1710 353 1775 in
376 1731 440 1796 quo
459 1711 529 1797 jam
554 1731 705 1795 occupor.
751 1710 799 1774 De
816 1709 1012 1796 Hieronymo
1028 1731 1128 1795 super
1142 1711 1265 1777 Lucam

91 1815 177 1881 nihil
198 1814 305 1882 adhuc
327 1815 489 1898 instituis3
527 1817 567 1883 de
591 1837 629 1883 eo
653 1815 797 1899 scripsi²
827 1819 926 1880 antea
948 1835 1096 1900 querens
1119 1816 1267 1882 volunta·

92 1926 163 1987 tem
185 1927 285 1988 tuam.
332 1921 502 1988 Hieremia
525 1928 722 2007 prototypon
743 1921 776 1986 in
801 1925 871 1986 tota
894 1919 1010 1986 Suesia
1033 1941 1097 1987 non
1124 1922 1261 1989 invenio.

93 2026 161 2094 Sed
194 2048 237 2092 ne
270 2026 349 2092 nihil
377 2047 487 2112 agam,
521 2029 627 2094 fretus
654 2034 712 2093 tua
743 2026 911 2110 signatura
941 2023 1123 2108 perficiam,
1155 2027 1266 2112 quoad

93 2153 223 2218 queam.
277 2132 440 2199 (laeterum
457 2134 553 2219 jussu
576 2132 710 2199 Joannis
733 2129 944 2214 Froberger³
972 2129 1012 2197 de
1032 2135 1090 2196 tuo
1112 2133 1266 2199 mandato

95 2238 253 2323 expedivi,
283 2244 323 2304 ut
351 2261 372 2304 a
394 2258 445 2304 me
477 2239 582 2322 petiit,
612 2237 714 2304 libros
744 2235 1002 2302 rudimentorum
1034 2241 1068 2302 et
1097 2243 1264 2304 vecturam

94 2346 248 2429 usquein
265 2344 429 2410 civitatem
445 2345 664 2428 Argentinam.
710 2341 858 2426 Expendi
873 2362 933 2425 pro
949 2342 1043 2422 rasis,
1066 2341 1147 2422 cibo,
1171 2350 1262 2427 potu,

95 2458 231 2516 rectura
257 2456 291 2516 et
318 2449 403 2529 aliis,
433 2456 532 2533 prout
558 2451 591 2516 in
620 2448 779 2527 rationali,
804 2446 892 2531 quod
916 2445 1160 2512 Francfordiam
1183 2447 1264 2529 misi,

94 2577 256 2622 summum
290 2556 434 2642 quinque
470 2554 668 2621 florenorum
709 2558 743 2619 et
783 2553 883 2618 trium
924 2550 1179 2637 blappardorum
1213 2554 1265 2620 vel

93 2653 203 2728 verius
235 2667 255 2726 4
279 2660 383 2728 heller
407 2660 658 2745 Wirtenberger.
705 2659 785 2723 Eam
812 2657 984 2742 pecuniam
1008 2664 1121 2724 orote
1144 2659 1261 2725 adme

93 2766 243 2833 remittas
266 2788 341 2832 cum
363 2767 425 2832 hoc
447 2773 560 2833 nostro
585 2765 677 2851 Cyro.
724 2764 796 2830 Nou
819 2785 892 2828 snm
914 2761 975 2829 hoc
998 2769 1145 2846 tempore
1168 2763 1264 2831 nimis

94 2879 232 2940 onustus
248 2873 403 2957 pecuniis,
426 2879 463 2939 ut
476 2870 705 2957 philosophum
727 2868 831 2936 decet.
862 2866 968 2949 Dicas,
992 2888 1049 2934 oro
1066 2874 1108 2949 te,
1125 2869 1281 2964 salntem

94 2980 188 3043 uxori
221 2985 256 3045 et
289 2979 401 3046 liberis
432 2979 500 3045 tuis
531 2999 603 3043 meo
635 2977 764 3043 nomine
796 2979 830 3040 et
863 2972 1004 3040 feliciter
1044 2974 1161 3042 valeas.
1216 2977 1266 3041 Ex

95 3084 294 3168 Stutgardia.
341 3084 442 3151 Nonis
457 3082 693 3151 *novembribus
716 3100 800 3146 anno
827 3085 921 3146 1511.

500 3252 643 3318 loannes
665 3211 822 3316 Reuchlin
845 3245 1038 3315 Phoroensis
1060 3246 1123 3314 LL.
1148 3247 1217 3315 doc.

183 3481 261 3542 Ans:
278 3478 381 3542 Basler
396 3459 653 3544 universitttshibl.
677 3481 831 3545 handschr.
853 3478 879 3540 G
905 3480 934 3540 11
957 3481 1014 3539 13a
1029 3495 1091 3538 nro.
1117 3481 1156 3538 66
1182 3483 1265 3538 auto·

94 3588 197 3662 graph.

676 3818 692 3859 r

168 3943 180 3994 l
202 3939 256 3995 alt.
275 3939 365 4012 grac]
384 3942 500 4011 gemeint
518 3942 554 3996 ist
572 3945 635 3998 doh.
652 3944 743 3994 Concu
764 3941 854 4008 (crin).
930 3944 943 3992 2
965 3936 1073 4009 Scripsi]
1092 3936 1267 3994 vermuthlich

93 4031 193 4084 indem
206 4033 275 4084 oben
285 4050 309 4084 s.
327 4037 384 4084 144.
398 4051 421 4085 a
435 4036 451 4084 5
466 4032 616 4087 erwtlhnten
629 4033 719 4086 brieio.
767 4035 782 4082 3
803 4031 957 4100 l'roberger]
971 4048 1000 4083 so
1012 4030 1267 4083 schreibtReuchlin

94 4121 142 4172 don
162 4121 218 4174 ihm
238 4122 413 4174 vermuthlioh
432 4139 483 4174 nur
501 4138 548 4173 aus
567 4123 640 4173 einer
658 4121 844 4172 undeutlichen
863 4118 1101 4171 briefunterschrirt
1119 4117 1269 4170 hehannten

92 4210 168 4261 ilaus
188 4211 298 4275 Froben,
318 4211 403 4262 neffcn
423 4210 469 4261 dcs
487 4211 699 4277 gleichnemigen
713 4208 866 4260 beriihmten
879 4208 1089 4269 buchdruclrers;
1109 4207 1163 4273 vgl.
1178 4209 1270 4260 Basler

93 4298 168 4350 beitr.
197 4315 245 4349 cur
272 4300 364 4351 veterl.
390 4299 480 4365 gesch.
507 4301 556 4364 IX,
588 4316 608 4351 s.
635 4301 696 4350 531.
722 4295 908 4365 (Mittheilung
932 4312 983 4347 ron
1009 4295 1075 4362 proi.
1104 4295 1213 4347 Vischer
1241 4297 1269 4348 iu

94 4386 195 4454 Besel.)

119 4458 270 4530 §cuculla
1022 4457 1058 4519 l0
