2716 4898
658 270 721 336 146

602 459 779 526 CXXXIII.

178 562 254 613 cern.
1048 555 1147 611 2an
1169 558 1241 609 iera.

103 685 306 759 Decanus¹
335 681 529 780 caeterique
564 679 784 779 professores
817 679 1003 755 facultatis
1041 679 1270 780 theologicae,

103 806 304 881 Generales
331 805 442 880 studii
460 802 690 877 Coloniensis
709 803 957 905 imperialium
980 803 1110 903 legum
1135 801 1271 877 doctori

103 931 185 1006 DN.
206 926 562 1005 dohanniReuchlin
573 925 777 1002 Suevorum
790 925 1270 1024 Confoederationisdudioi,

103 1054 264 1128 moranti
276 1051 500 1151 Stutgardiae
519 1049 590 1125 sibi
603 1049 814 1124 venerando
828 1063 939 1151 atque
952 1049 1091 1126 dilecto
1108 1049 1270 1146 salutem,

327 1187 364 1249 et
390 1174 560 1275 spiritum
586 1173 844 1273 intelligentiae
871 1172 1045 1250 sanum.²

195 1386 271 1452 Fuit
299 1383 409 1465 nobis,
438 1384 626 1470 spectabilis
653 1386 723 1453 sc³
752 1383 881 1471 egregie
909 1383 972 1464 vir,
1003 1389 1081 1468 post
1112 1383 1271 1470 proximas

104 1491 263 1557 nundinas
287 1489 581 1557 Franckfordenses
604 1491 735 1558 oblatus
758 1490 890 1576 quidam
912 1487 1069 1555 libellus⁴
1092 1490 1157 1557 sub
1180 1488 1269 1557 titulo

105 1597 228 1682 speculi
257 1594 414 1675 ocularis,
438 1606 495 1663 tuo
518 1597 640 1662 nomini
662 1597 851 1682 inscriptus,
883 1615 979 1680 quem
1008 1593 1086 1660 dum
1111 1594 1269 1661 nonnullis

104 1725 144 1768 ex
172 1703 294 1768 nostris
321 1702 526 1768 revisendum
554 1701 868 1788 examinandumque
900 1697 1168 1780 tradidissemus,
1191 1720 1269 1767 com·

106 1808 248 1891 perimus
281 1807 314 1872 in
337 1828 392 1887 eo,
425 1807 511 1891 quod
538 1828 644 1892 neque
674 1828 715 1873 ex
741 1814 790 1887 te,
819 1827 925 1892 neque
948 1826 989 1871 ex
1011 1826 1179 1891 quoquam
1202 1827 1269 1873 con·

104 1911 303 1977 christiano⁵
325 1920 438 1978 nostro
462 1912 684 1996 sperabamus,
706 1918 740 1979 te
753 1912 877 1979 scilicet
898 1911 932 1976 in
955 1931 994 1977 eo
1016 1909 1132 1978 libello
1155 1912 1189 1977 in
1210 1932 1268 1978 mo

103 2017 180 2081 dum
203 2016 449 2082 consultationis
472 2017 620 2083 omnibus
642 2018 707 2083 tuis
729 2017 853 2084 viribus
875 2016 1038 2110 annisum,
1061 2021 1101 2083 ut
1126 2036 1266 2084 reveren·

104 2121 237 2189 dissimo
264 2123 297 2187 in
320 2122 449 2188 Christo
480 2123 567 2206 patri
599 2129 633 2188 et
660 2123 801 2207 Principi
827 2120 971 2189 Electori
997 2120 1131 2189 domiuo
1159 2126 1263 2189 nostro

103 2227 246 2310 gratioso
269 2228 371 2294 Urieli
395 2228 617 2312 archipraesuli
640 2229 837 2312 Moguntim,
860 2248 900 2294 sc
922 2248 982 2312 per
1011 2227 1106 2294 illum
1137 2226 1266 2294 serenis

101 2334 223 2399 simess
258 2333 480 2418 Imperatoriae
520 2334 686 2418 Majestati
724 2334 957 2419 persuaderes,
999 2354 1101 2417 super
1134 2332 1262 2416 negocio

102 2437 258 2505 librorum
287 2438 513 2518 Iudaicorum,
541 2437 723 2524 quatinus⁷
755 2437 842 2504 idem
869 2438 1037 2523 negocium
1059 2436 1263 2505 laudabiliter

100 2566 160 2628 per
183 2544 320 2612 eandem
343 2544 526 2610 Caesaream
552 2543 758 2627 Majestatem
791 2550 933 2628 coeptum
955 2544 1148 2610 inverteres
1180 2541 1264 2621 Quod

101 2657 139 2715 ut
161 2651 360 2718 commodius
383 2654 434 2732 (ut
456 2648 538 2715 tibi8
560 2647 644 2715 forte
654 2648 757 2715 visum
773 2649 848 2733 fuit)
864 2648 999 2729 faceres,
1022 2648 1129 2715 mults
1144 2648 1190 2714 ad
1203 2669 1264 2716 ren

100 2755 344 2840 impertinentia
364 2754 522 2822 latissime
545 2760 696 2838 porrecto
720 2753 845 2821 calamo
868 2753 962 2839 quasi
984 2753 1143 2840 quicquid
1162 2753 1264 2823 tibiin

100 2860 152 2926 ria
183 2882 248 2945 qua
278 2861 324 2927 ibi
355 2860 407 2926 hic
436 2858 597 2944 illicque⁹
624 2880 795 2926 occurrere
817 2859 941 2945 potuit,
963 2859 1141 2946 decerpere
1159 2860 1187 2901 ¹⁰
1215 2879 1264 2925 vo·

100 2956 226 3045 luisses,
250 2968 282 3032 in
305 2987 404 3031 unum
426 2964 569 3049 coegisti.
615 2965 685 3043 Quo
704 2965 827 3032 factum
851 2971 910 3045 est,
932 2971 971 3032 ut
992 2964 1132 3033 festinus
1147 2965 1192 3032 ad
1207 2970 1267 3032 ter·

99 3072 221 3137 minum
245 3092 309 3155 quo
324 3070 524 3156 properabas
542 3071 578 3151 ¹1,
600 3091 664 3138 non
687 3070 767 3138 satis
789 3069 979 3155 probaveris
1000 3093 1044 3139 an
1066 3092 1160 3139 rosas
1175 3070 1264 3149 forte,

102 3196 143 3241 an
162 3176 189 3214 ¹²
219 3176 303 3243 male
331 3176 456 3242 olentes
486 3175 583 3276 flores
610 3176 799 3242 inconcinne
830 3178 864 3242 in
893 3182 1016 3243 sertum
1051 3197 1265 3262 componeres,

100 3302 138 3346 ac
171 3303 230 3367 per
273 3281 334 3348 hoc
375 3302 439 3349 non
476 3282 579 3348 solum
619 3281 724 3347 nimia
759 3281 909 3348 fautoriae
947 3281 1093 3348 Iudaica
1128 3281 1265 3368 perfidia

101 3395 210 3453 notam
234 3387 434 3473 improvidus
456 3385 544 3472 apud
567 3386 769 3454 Christianos
791 3386 931 3453 lectores
954 3386 1131 3468 incurristi,
1155 3388 1215 3456 sed
1238 3393 1266 3454 ct

98 3492 222 3559 Iudeis
245 3494 324 3578 ipsis
342 3493 377 3574 ¹³,
410 3493 516 3558 crucis
539 3498 573 3559 et
595 3492 762 3576 sanguinis
785 3511 850 3578 quo
873 3512 932 3558 nos
954 3491 1014 3557 loti
1044 3496 1079 3558 et
1109 3491 1265 3579 redempti

104 3617 215 3663 sumus
243 3599 397 3679 inimicis,
421 3599 493 3683 qui,
516 3598 564 3663 uti
588 3598 682 3663 nobis
705 3597 843 3663 relatum
868 3602 932 3679 est,
961 3598 1046 3663 hunc
1069 3604 1163 3664 tuum
1187 3605 1266 3667 trac

103 3707 210 3767 tatum
242 3704 415 3769 vernacula
442 3709 556 3769 nostra
583 3703 694 3788 lingua
725 3702 848 3768 editum
882 3708 916 3768 et
942 3704 1137 3788 impressum
1159 3704 1267 3790 legunt

102 3812 136 3872 et
160 3808 383 3876 circunlerunt
406 3807 608 3874 occasionem
639 3808 836 3893 prestitisti,
866 3829 931 3893 quo
953 3808 1093 3895 amplius
1116 3831 1178 3878 nos
1201 3808 1267 3876 irri-

671 3957 689 3998 2

169 4048 423 4101 IOhneaulschrift
443 4047 493 4099 Ιώ.
531 4034 943 4114 tSpiritumconsililssnio'ris.
958 4047 1020 4098 Fuit
1035 4052 1057 4099 1.
1095 4048 1262 4100 dsststscl

93 4137 257 4190 4Trsctatus
268 4145 301 4190 st.
315 4137 424 4189 libellus
441 4142 462 4186 l.
499 4135 676 4188 tOhristlsno
693 4141 715 4186 1.
752 4138 767 4186 6
782 4135 1014 4187 Serenissimeund
1027 4135 1118 4186 weiter
1130 4151 1145 4186 c
1157 4138 1200 4187 ldr
1211 4151 1233 4186 ss
1247 4140 1266 4185 l.

92 4225 263 4287 Ierstenus
280 4231 302 4277 l.
357 4225 436 4276 8Uti
449 4224 515 4276 lor-te
529 4225 577 4276 tibi
591 4228 612 4274 1.
667 4224 877 4290 9Hicillicque
900 4223 1107 4291 lausgclcssen.
1167 4227 1200 4276 10
1218 4224 1266 4274 De·

92 4313 179 4378 cipere
201 4318 222 4365 1.
298 4320 326 4365 ll
347 4315 382 4365 Et
402 4314 525 4366 lucentns
538 4313 665 4381 zugedigt
689 4317 710 4363 1.
787 4317 817 4362 12
839 4313 949 4364 Urentes
963 4314 1063 4365 urticas
1083 4317 1129 4364 aut
1143 4313 1267 4379 augetitgt

94 4404 116 4453 t.
135 4401 231 4454 librum
258 4403 299 4453 fiir
317 4409 415 4454 sertum
434 4405 459 4454 3.
533 4406 564 4454 13
582 4400 693 4469 Judaeis]
720 4400 775 4468 egl.
793 4400 973 4454 Pleffcrkcrns
998 4401 1117 4453 defensio
1137 4417 1163 4469 p.
1177 4402 1211 4452 64
1228 4414 1265 4465 sq.
