2716 4898
655 305 721 370 293

68 496 291 580 'ecphantus
312 516 417 580 usque
446 497 488 561 ad
516 495 674 561 medullas
698 495 884 561 Leodiensis
909 496 1080 579 episcopus
1114 494 1272 560 Gallicum

99 602 276 688 explicavit
310 601 446 681 nodum,
477 600 648 686 adjunctus
673 599 970 684 Burgundionibus,
999 621 1071 684 quaa
1102 620 1155 664 res
1177 599 1272 666 facile

100 707 222 772 efficiet
253 713 290 772 ut
318 706 411 772 nobis
435 728 563 792 quoque
587 706 732 785 accedat,
756 707 876 790 possim
907 704 1030 789 aliquid
1060 703 1148 788 apud
1172 704 1272 771 illum.

99 813 181 884 Cum
206 810 353 878 veneris¹
377 811 419 877 ad
442 832 518 894 nos,
542 810 664 877 curabo
689 818 725 877 ut
748 812 855 877 omnia
878 833 936 896 pro
960 811 1043 876 rotis
1067 811 1203 890 nostris,
1227 809 1272 875 nil

99 918 160 984 tibi
189 938 281 1002 aeque
310 916 490 984 conducere
522 924 634 1003 posset
666 939 764 1002 quam
795 938 829 983 es
856 916 1011 1002 principis
1038 917 1137 983 lavor.
1184 917 1271 983 Bene

98 1023 181 1090 vale.
206 1023 357 1089 Colonia.

189 1147 350 1208 Gedruckt:
368 1168 410 1205 =
424 1149 453 1208 J.
483 1166 510 1208 v.
535 1164 563 1208 e.
587 1153 608 1208 t.
634 1143 672 1208 gb
695 1147 783 1208 bist.
810 1151 861 1222 4¹¹3
891 1148 1011 1223 (darom
1036 1164 1090 1207 nur
1112 1147 1269 1208 thoilweise

97 1256 126 1313 io
150 1254 235 1315 Hntt.
252 1271 319 1331 opp.
343 1254 390 1314 ed.
415 1253 545 1328 Bdcking
567 1253 591 1327 I,
615 1270 638 1312 s.
666 1254 727 1311 148
751 1250 786 1327 f.)

623 1517 741 1586 CCLV.

82 1676 86 1681 ι
169 1608 248 1661 carn.
1026 1614 1034 1657 1
1057 1607 1111 1658 ιιιι
1130 1609 1233 1672 (rora).

219 1697 456 1772 Hermannus
484 1722 605 1770 comes
633 1697 843 1771 Nuenarius
872 1722 921 1769 an
949 1695 1144 1770 Reuohlin.

187 1861 350 1945 Hefrigste
394 1860 610 1946 uiderlegung
645 1860 703 1927 der
741 1850 1062 1927 Hoebstratenscben
1107 1857 1267 1942 apologia,

95 1988 156 2033 aua
189 1966 247 2033 der
276 1965 355 2031 vielo
388 1963 528 2032 einzelne
562 1967 678 2033 stellen
702 1966 890 2051 angeliibrt,
921 1970 1102 2051 verspottet
1125 1962 1191 2029 und
1214 1964 1269 2029 be-

96 2068 226 2157 kdmpft
262 2071 398 2137 werden.
452 2073 573 2137 Ausser
612 2071 767 2137 Reuohlin
808 2070 936 2137 werden
967 2069 1147 2136 besonders
1177 2068 1268 2135 Pirlr-

96 2178 235 2258 beimer,
270 2177 426 2262 Georgius
450 2178 625 2262 Benignus,
660 2177 779 2243 Martin
802 2176 946 2258 Groning
977 2175 1173 2258 vertbeidigt
1202 2173 1268 2240 und

95 2272 206 2367 gelobt
222 2283 244 2348 ².
290 2284 350 2347 Am
373 2282 499 2350 sohluss
522 2282 624 2349 heisst
648 2304 698 2349 es:
730 2283 757 2349 si
781 2282 864 2347 enim
896 2279 1265 2367 (nam1.H00hstraten)

95 2410 197 2455 sacrae
220 2408 356 2471 poeseos
379 2388 497 2453 merita
520 2390 648 2472 ignorat
672 2389 699 2454 si
723 2409 816 2454 veros
839 2386 1006 2470 theologos
1023 2385 1124 2470 ipsius
1146 2406 1268 2469 praeco-

93 2496 147 2581 pia
181 2494 313 2578 scriptis
345 2493 557 2574 extollentes,
590 2515 653 2559 non
677 2494 774 2578 legit,
807 2499 865 2558 aut
888 2491 1020 2570 didicit,
1053 2489 1139 2575 quod
1172 2489 1267 2554 valde

94 2599 246 2687 equidem
272 2598 478 2680 crediderim,
501 2599 679 2683 perlustret
703 2597 824 2665 vallum
842 2595 972 2662 Busobii
990 2597 1003 2636 ³
1024 2595 1082 2661 viri
1104 2594 1269 2679 undequa-

93 2727 156 2791 que
173 2703 379 2784 ornatissimi,
403 2688 440 2770 ut
463 2703 595 2770 tandem
608 2726 706 2770 senex
723 2705 830 2770 sactus
854 2703 968 2783 discat,
992 2723 1064 2788 quae
1079 2722 1161 2787 puer
1185 2701 1268 2765 scire

89 2808 262 2890 debuerat,
286 2816 356 2874 tum
380 2809 537 2875 fatebitur
564 2804 719 2895 injuriam
744 2811 808 2876 sibi
838 2810 958 2875 factam
991 2807 1076 2893 quod
1101 2807 1268 2892 bucusque

93 2915 262 2999 theologus
286 2915 329 2981 sit
351 2914 491 2996 habitus,
516 2917 572 3001 qui
595 2938 634 2982 ea
655 2917 785 3001 ignoret
809 2938 880 3002 qnae
904 2915 1029 2981 dehac
1054 2936 1089 2979 re
1114 2914 1267 2980 certatim

92 3043 112 3086 a
134 3021 348 3086 sanctissimis
372 3021 448 3086 viris
472 3024 634 3088 memoriae
663 3023 890 3089 commendata
914 3030 999 3089 sunt.
1046 3022 1089 3086 Et
1112 3019 1152 3086 de
1177 3018 1269 3104 nugis

92 3124 161 3190 baec
185 3126 315 3211 quidem
340 3127 488 3210 paucula.
520 3128 586 3193 Nos
611 3150 685 3194 vero
709 3128 840 3195 iuterim
858 3127 974 3194 studiis
989 3126 1109 3194 nostris
1134 3147 1267 3211 operam

93 3230 215 3312 demus,
239 3238 272 3298 et
296 3254 391 3317 quarn
416 3232 529 3300 ludere
545 3233 720 3320 aliquando
736 3234 860 3314 libebit,
884 3234 986 3299 habes
1005 3235 1075 3318 jam
1098 3252 1268 3314 argumen-

91 3342 171 3418 tum,
195 3359 259 3421 quo
276 3343 308 3403 te
333 3360 483 3404 exercere
500 3340 615 3423 possis,
640 3340 739 3405 etiarn
756 3361 859 3426 usque
876 3339 918 3404 ad
934 3340 1045 3404 risum.
1076 3337 1165 3417 Vale,
1181 3357 1267 3402 oom-

91 3443 197 3508 munis
221 3443 336 3527 patriae
360 3452 594 3510 ornamentum.
641 3447 683 3511 Et
706 3468 756 3510 me
781 3467 876 3531 quem
901 3464 991 3510 amas
1015 3444 1067 3509 fac
1090 3440 1267 3528 impensius

93 3555 129 3615 ut
153 3569 244 3615 ames
268 3547 416 3617 Coloniae.
446 3550 608 3616 Calendas
632 3549 746 3634 Majas.

673 3697 691 3736 ’l‘

136 3812 142 3827 '
168 3805 178 3850 1
199 3801 266 3851 Com
287 3803 389 3852 veneris
414 3803 445 3851 ed
472 3803 530 3870 nos]
556 3802 624 3853 nach
649 3803 734 3853 dieser
758 3802 810 3852 und
832 3802 905 3852 einer
924 3803 959 3852 im
981 3801 1064 3852 brieio
1084 3801 1130 3851 des
1150 3800 1267 3850 Thomas

91 3885 229 3939 'l'ruchscll
247 3907 306 3939 vom
326 3894 356 3939 21
377 3890 438 3940 den.
456 3891 521 3940 1518
541 3891 598 3941 sloh
613 3891 752 3942 findenden
766 3890 851 3952 stelle,
872 3892 898 3940 in
919 3890 964 3940 der
981 3890 1068 3940 dieser
1086 3890 1141 3939 ibm
1161 3887 1268 3938 lreund·

92 3977 162 4028 liobe
182 3978 322 4028 ausnalrma
342 3979 487 4041 zuslobort,
512 3996 585 4029 rrenn
606 3995 634 4028 er
653 3996 685 4029 zu
705 3980 757 4029 ihm
779 3981 865 4041 ledunc,
886 3979 990 4029 solleiot
1010 3977 1139 4028 Reucblin
1160 3976 1202 4026 die
1222 3977 1267 4027 ab·

90 4067 160 4116 sicbt
178 4066 278 4133 gebabt
299 4083 330 4116 zu
350 4068 445 4130 buben,
465 4068 507 4118 dle
520 4068 743 4135 ereingagenden
765 4084 795 4117 zu
816 4067 963 4129 beanebcn;
983 4066 1051 4116 doeh
1070 4066 1104 4114 ist
1124 4080 1173 4115 von
1195 4065 1267 4115 einer

90 4153 258 4221 nusmbrnng
277 4155 322 4206 des
342 4157 433 4221 planes
457 4157 545 4206 niebts
570 4156 694 4206 bekannt.
769 4162 783 4207 2
809 4141 882 4206 llber
900 4155 950 4205 den
975 4154 1042 4204 brial
1062 4153 1116 4220 agl.
1136 4152 1265 4204 Reucblin

91 4259 110 4292 s.
129 4247 183 4293 414
203 4244 241 4309 fg.
313 4246 328 4293 3
352 4244 498 4295 Hermanno
519 4246 617 4296 Busclr:
643 4246 744 4296 vallum
764 4244 936 4295 humanitatis
959 4245 1040 4302 1618,
1066 4242 1109 4293 dle
1128 4241 1266 4298 berdbmte

89 4331 404 4399 vertbeldigungsschrilt
430 4333 476 4384 der
505 4333 728 4388 hnmanistleclren
762 4332 867 4385 studien
895 4346 981 4399 gagen
1014 4332 1056 4383 die
1084 4332 1197 4399 anguilla
1221 4332 1267 4387 der

90 4419 242 4488 theologam
