2716 4898
641 323 703 389 111

85 514 141 580 rix
165 519 421 592 commutarem,
450 512 534 577 tanti
559 513 643 578 enim
666 513 751 579 facio
775 513 980 580 literatorum
1005 535 1056 580 me
1080 514 1161 580 inire
1189 535 1261 598 gra·

86 622 185 699 tiam,
214 627 252 685 ut
279 620 359 686 nihil
387 639 497 702 supra.
551 618 643 696 Quod
673 620 712 684 da
744 619 850 684 dubiis
881 620 961 685 meis
997 621 1168 686 certiorem
1207 639 1259 685 me

87 726 226 803 focaria,
258 726 381 809 gratias
408 724 469 790 tibi
500 724 605 790 habeo
628 724 835 790 immortales.
883 727 988 808 Rogat
1010 724 1143 808 insuper
1165 731 1260 808 pater

87 853 182 897 meus
210 831 417 915 dignissimus
442 830 544 908 abba,
574 837 611 895 ut
639 830 681 895 ad
711 852 744 896 se
776 831 969 915 quandoque
998 831 1158 895 concedas
1188 852 1259 895 eam

88 958 175 1022 quae
200 937 263 1002 sibi
278 936 441 1020 possibilis
458 936 543 1001 foret
566 941 755 1001 ostensurus
771 936 1015 1000 humanitatem.
1054 937 1155 1002 I’orro
1172 935 1260 1019 quod

88 1042 227 1123 scribis,
262 1039 466 1106 literatorum
502 1040 699 1121 monarcha,
736 1042 877 1125 graviter
911 1049 943 1107 te
975 1043 1061 1107 ferre
1093 1041 1258 1106 hominum

91 1155 207 1215 nostra
236 1153 345 1213 aetate
374 1147 640 1228 ingratitudinem
669 1147 725 1230 qui
755 1170 857 1232 usque
890 1147 971 1212 adeo
1003 1147 1200 1231 negligentes
1224 1167 1259 1212 se

90 1260 276 1338 praestent,
308 1258 345 1317 ut
372 1251 550 1336 bibliopola
578 1257 727 1317 rarenter
754 1273 887 1336 operum
917 1261 1047 1318 tuorum
1079 1258 1259 1336 emptorem

91 1358 246 1438 inveniat,
271 1357 351 1422 nibil
373 1363 434 1437 eat,
458 1356 679 1422 literatissime
703 1358 751 1422 vir
775 1365 808 1422 et
832 1359 871 1423 de
896 1357 988 1422 bonis
1010 1359 1114 1423 literis
1138 1358 1259 1441 optime

88 1464 220 1543 merite,
249 1462 337 1547 quod
360 1483 474 1527 curare
499 1463 629 1528 debeas.
676 1464 861 1528 Memineris
884 1463 987 1542 illius,
1019 1462 1105 1547 quod
1129 1462 1169 1527 de
1194 1469 1260 1527 tra-

88 1570 279 1653 goediarum
313 1568 452 1653 quodam
488 1569 628 1652 rapsodo
661 1568 796 1651 legimus
829 1569 884 1653 qui
917 1590 1015 1651 quum
1057 1567 1259 1650 tragoediam

88 1675 230 1740 referret
253 1695 312 1739 neo
336 1674 494 1757 quispiam
520 1680 654 1758 praeter
670 1672 838 1738 Platonem
855 1673 994 1751 adesset,
1019 1671 1259 1756 objectantibus

89 1780 287 1865 quibusdam
304 1779 455 1844 dedecori
472 1801 541 1844 esse
559 1780 615 1858 illi,
632 1780 719 1864 quod
735 1801 828 1844 nemo
850 1786 982 1862 praeter
1000 1800 1097 1843 unum
1119 1778 1260 1856 adesset,

88 1885 261 1970 respondit
288 1885 358 1950 ille:
389 1890 422 1949 et
454 1885 507 1950 hic
534 1908 617 1950 unus
650 1884 722 1968 plus
747 1891 796 1949 est
820 1905 915 1968 quam
942 1890 1029 1948 totus
1054 1883 1259 1948 Atheniensis

87 1991 238 2076 populus.
294 1991 409 2055 Itidem
440 1997 473 2055 et
500 1990 561 2054 tibi
593 1990 775 2054 laciendum
800 2010 925 2068 censeo,
967 1990 1040 2072 plus
1065 1989 1148 2054 enim
1172 1988 1259 2071 apud

88 2104 121 2162 te
146 2095 258 2161 valeat
288 2095 493 2160 literatorum
527 2101 560 2160 et
594 2096 724 2179 quidem
758 2116 936 2178 paucorum
971 2095 1128 2178 judicium
1161 2114 1260 2178 quam

88 2203 186 2266 nauci
218 2201 383 2266 hominum
410 2202 581 2266 innumera
611 2201 793 2266 multitudo
841 2200 934 2278 Quod
967 2201 993 2264 si
1024 2205 1137 2264 nostra
1167 2205 1259 2262 aetas

91 2328 191 2374 coeno
221 2306 387 2372 barbariei
414 2305 521 2387 infixa,
553 2307 595 2371 ad
626 2306 780 2390 politiora
809 2305 917 2371 stadia
946 2326 981 2370 se
1004 2304 1112 2383 levare
1136 2304 1259 2387 nequit,

90 2413 244 2479 succedet
267 2412 377 2478 forsan
401 2413 507 2478 altera
530 2420 622 2477 aetas
646 2433 730 2496 quae
753 2418 786 2476 te
809 2412 842 2476 in
865 2410 971 2494 pretio
995 2409 1130 2474 habebit
1154 2415 1188 2474 et
1216 2407 1259 2472 ad

91 2517 208 2602 sydera
230 2539 334 2602 usque
357 2517 486 2583 levabit.
534 2516 614 2582 Sunt
636 2524 750 2584 nostra
777 2524 887 2582 aetate
916 2516 1061 2581 homines
1085 2514 1259 2597 perversis-

90 2619 177 2703 simi,
209 2644 283 2689 nam
313 2644 411 2707 quum
441 2644 569 2706 semper
598 2644 697 2688 novas
721 2623 807 2704 (Divi
831 2621 1020 2704 Hieronymi
1044 2618 1144 2685 verba
1168 2617 1257 2704 sunt)

91 2734 247 2812 expetant
273 2729 456 2814 voluptates
487 2734 522 2794 et
551 2728 645 2811 gulae
674 2749 786 2794 eorum
817 2728 923 2793 uicina
953 2726 1056 2790 maria
1084 2747 1148 2790 non
1172 2724 1260 2790 suffi-

90 2834 188 2913 ciunt,
214 2856 271 2900 cur
286 2834 318 2898 in
336 2835 403 2900 solo
421 2834 527 2900 studio
545 2834 713 2898 literarum
737 2834 838 2898 veteri
856 2854 971 2915 sapore
995 2831 1138 2897 contenti
1153 2830 1259 2896 suut?

91 2938 266 3004 Caeterum
289 2939 350 3004 etsi
374 2961 507 3023 operum
531 2945 660 3004 tuorum
685 2939 851 3023 complura
874 2938 952 3002 mihi
969 2938 1056 3004 lecta
1072 2937 1145 3015 sint,
1170 2935 1259 3002 solae

91 3027 202 3109 tamen
226 3044 410 3109 Hebraicae
434 3045 653 3109 institutiones
683 3046 716 3109 in
749 3043 947 3108 bibliotheca
969 3033 1082 3108 nostra
1105 3041 1259 3107 resident.

90 3149 198 3227 Quare
222 3170 347 3232 precor,
370 3157 408 3217 ut
430 3151 496 3215 alia
519 3150 626 3215 omnia
650 3171 734 3234 quae
756 3148 912 3213 hactenus
928 3150 960 3212 in
977 3148 1081 3213 lucem
1098 3147 1259 3232 prodiere,

88 3255 228 3339 ingenuo
256 3255 324 3320 viro
352 3255 497 3338 Dietagio
521 3256 771 3321 Westerstetteu
802 3255 894 3320 uobis
923 3254 1083 3319 mittenda
1115 3254 1172 3318 dea
1203 3253 1259 3336 qui

89 3368 122 3427 et
154 3361 329 3445 pecuniam
361 3359 540 3442 dignationi
574 3368 650 3426 tuae
684 3361 813 3426 nomine
846 3366 959 3425 nostro
1002 3358 1127 3424 reddet.
1183 3358 1259 3423 Fuit

88 3487 218 3531 meeum
247 3488 306 3549 per
339 3466 399 3531 hos
431 3466 503 3532 dies
525 3466 629 3531 frater
652 3466 889 3531 Crismannus¹
913 3464 1075 3542 minorita,
1099 3484 1170 3527 cum
1195 3483 1258 3546 quo

89 3571 129 3636 de
164 3569 320 3636 hebraico
355 3571 499 3636 nonnihil
523 3572 665 3651 contuli,
701 3572 756 3655 qui
790 3576 824 3635 te
847 3569 984 3634 multum
1008 3568 1131 3634 salvere
1152 3567 1257 3652 jubet.

89 3676 237 3743 Laborat
260 3676 315 3742 ille
339 3676 391 3742 die
415 3683 577 3761 noctuque
601 3684 638 3743 ut
663 3675 875 3743 chronicam2
899 3696 996 3759 quam
1020 3682 1075 3741 tuo
1094 3676 1189 3760 jussu
1211 3676 1260 3742 in·

675 3815 693 3853 ’b

165 3909 174 3954 l
202 3903 342 3956 Crisrnann
370 3921 421 3956 war
446 3903 541 3957 nrbnch
563 3905 609 3956 dea
630 3905 907 3957 sranaislranerordens
929 3904 955 3954 in
976 3904 1094 3973 Kempen
1119 3904 1160 3958 bia
1184 3907 1260 3969 1510,

91 3992 178 4043 vobin
194 4009 222 4043 er
234 4009 285 4043 von
301 3995 334 4044 da
346 3995 419 4057 kam,
437 3996 472 4044 ist
485 3995 647 4045 unbekannt.
682 3997 749 4045 Dass
763 4012 790 4045 er
807 3997 853 4044 mit
866 3993 993 4044 Reuohlin
1011 3995 1128 4046 bekannt
1141 4010 1194 4044 war
1207 3991 1260 4044 und

90 4081 115 4130 in
128 4079 315 4133 briefweohael
329 4083 415 4145 stand,
433 4081 486 4132 und
500 4098 568 4133 awar
581 4088 729 4150 sptttestens
742 4081 823 4133 echon
841 4084 915 4146 1502,
928 4098 1003 4134 wozu
1012 4082 1154 4146 jedenlalla
1169 4079 1259 4132 beider

90 4167 250 4221 hebrttiache
267 4169 372 4220 studieu
393 4171 482 4220 anlass
502 4170 602 4236 galren,
620 4171 685 4237 geht
703 4185 752 4220 aus
770 4170 819 4219 deu
837 4169 938 4220 briefen
957 4169 1073 4220 Elleubs.
1093 4187 1125 4220 on
1145 4170 1173 4219 C.
1186 4165 1260 4218 lib.l

91 4259 187 4323 cp.59,
204 4260 243 4321 10,
263 4259 297 4308 86
316 4258 369 4307 und
389 4259 431 4308 oin
448 4258 520 4309 brief
534 4259 580 4308 Eis
601 4273 633 4307 an
656 4257 761 4308 Courad
779 4259 901 4308 Pellikon
921 4257 1007 4309 lib.11
1027 4275 1066 4323 ep.
1081 4259 1122 4319 73,
1148 4261 1176 4305 11
1197 4255 1259 4306 Okt.

94 4347 160 4396 1514
179 4345 283 4397 hervor.
339 4343 427 4397 2Von
445 4347 530 4397 dieser
549 4345 660 4397 chronik
679 4345 725 4408 ist,
745 4346 829 4396 aoviel
846 4345 888 4396 ich
908 4347 997 4407 weiss,
1016 4344 1103 4394 nictus
1122 4344 1259 4396 verbffeut-

91 4431 157 4485 liclrt
179 4433 299 4499 worden,
319 4431 373 4485 und
391 4448 442 4485 nur
458 4433 588 4499 bekannt,
608 4432 670 4484 dass
689 4433 757 4484 auch
779 4433 830 4487 llll.
850 4433 934 4503 (libl
950 4449 970 4484 a.
991 4434 1025 4484 60
1044 4431 1161 4484 undatirt
1181 4431 1262 4503 1108)
