2716 4898
647 279 711 348 155

90 469 161 538 sine
184 491 277 556 pace,
300 477 338 538 ut
358 470 530 557 sequentia
551 469 748 536 iudicabant.
794 469 859 536 Oro
881 474 992 536 autem
1007 489 1105 555 quam
1121 468 1262 554 primum

89 597 132 642 ne
155 575 294 642 moleste
317 576 412 658 feras,
436 576 522 662 quod
545 576 588 642 ad
612 582 654 657 te,
677 575 814 641 latinum
828 575 992 641 hominum
1011 577 1031 656 ²,
1053 575 1155 641 latino
1171 595 1262 641 more

90 704 151 767 per
174 703 346 747 numerum
362 682 556 766 singularem
580 681 696 762 scribo,
720 687 754 746 et
776 701 840 745 non
864 685 900 745 ut
923 686 959 745 tu
982 680 1121 746 vicissim
1144 680 1187 746 ad
1209 700 1262 746 me

89 786 264 872 plurative.
310 788 385 853 Jam
408 787 493 852 enim
515 787 596 854 illud
619 793 710 853 tuum
726 785 827 850 ferme
851 785 985 850 totum²
1009 784 1107 852 desiit
1130 791 1163 850 et
1185 785 1263 850 abo-

90 892 174 958 levit
196 892 231 956 iu
255 891 400 957 Romana
413 892 524 976 lingua
546 899 580 958 et
595 913 680 957 nunc
696 891 954 976 quotusquisque
971 891 1110 975 majores
1132 898 1275 957 nostros‘

90 998 269 1063 imitamur.
316 996 415 1062 Seous
432 1002 482 1062 est
504 997 532 1062 si
554 997 725 1063 vernacule
747 996 936 1062 scribamus.
982 996 1089 1075 Quare
1105 997 1263 1081 deprecor

91 1108 184 1169 tuam
207 1100 370 1168 scribendi
394 1102 670 1182 consuetudinem,
692 1108 731 1167 ιιι
753 1101 888 1186 posthac
911 1123 1009 1187 quam
1031 1101 1262 1168 humanissime

91 1207 250 1292 singulari
269 1228 333 1289 ,me
360 1229 494 1274 numero
521 1207 681 1294 appelles,
710 1228 782 1274 oum
805 1207 929 1292 aliquid
952 1208 995 1274 ad
1018 1228 1068 1274 me
1092 1207 1262 1273 literarum

92 1313 198 1380 dabis.

181 1411 337 1486 Ceterum
359 1420 399 1485 de
421 1418 606 1484 firmissima
622 1439 701 1502 erga
720 1439 770 1483 me
786 1418 931 1484 amicitia
946 1424 1012 1498 tua,
1037 1424 1071 1485 et
1088 1422 1263 1502 perspecta

88 1523 171 1605 fide,
207 1546 305 1610 quam
333 1525 366 1589 in
401 1523 611 1590 tribulatione
635 1544 708 1588 mea
739 1545 853 1590 revera
885 1546 1044 1609 perquam
1078 1523 1263 1588 humaniter

90 1629 246 1710 ostendis,
281 1651 367 1695 nuno
401 1649 461 1714 ago
496 1628 557 1694 tibi
589 1634 747 1712 quantum
782 1629 875 1695 valeo
905 1651 943 1696 ac
974 1634 1089 1713 postea
1116 1627 1150 1692 in
1174 1625 1263 1700 calce

88 1735 217 1819 negocii
246 1734 385 1800 reseram
414 1738 526 1817 gratas
553 1733 689 1818 gratias,
720 1739 754 1798 et
781 1739 820 1798 ut
850 1755 946 1817 spero
976 1732 1067 1799 vobis
1096 1753 1160 1798 non
1182 1731 1264 1816 injo-
1322 1807 1325 1811 ¹

89 1839 215 1906 cundas
228 1839 250 1904 ⁸.
305 1839 481 1906 Consilium
513 1859 641 1923 quoque
671 1844 776 1918 tuum,
812 1838 993 1922 prudentia
1028 1845 1062 1904 et
1092 1836 1263 1903 charitatis

89 1943 238 2029 plenum,
267 1945 353 2029 quod
381 1944 460 2009 mihi
485 1949 631 2028 praestas,
662 1949 696 2008 et
725 1943 823 2009 laudo
855 1949 888 2009 et
918 1943 1126 2010 vehementer
1148 1940 1262 2026 probo.

89 2049 164 2116 Non
188 2049 274 2115 enim
288 2051 316 2114 is
332 2072 403 2116 sum
418 2050 475 2135 qui
491 2048 605 2115 vellem
621 2049 855 2115 contumaciter
871 2050 1062 2134 protervire,
1087 2055 1124 2114 ιιι
1148 2045 1264 2114 scribis

91 2161 125 2220 et
150 2154 336 2220 resistere⁴
365 2155 508 2236 veritati,
538 2155 721 2239 prasertim
746 2155 780 2218 in
803 2154 902 2220 rebus
926 2153 1171 2234 ecclesiasticis,
1206 2151 1264 2218 ubi

91 2260 208 2326 animae
240 2261 381 2327 vertitur
411 2260 607 2345 periculum,
639 2280 714 2325 nam
748 2266 841 2324 extra
876 2260 1047 2325 ecclesiam
1081 2257 1171 2323 nulla
1209 2260 1260 2322 est

94 2364 288 2449 speranda⁵
325 2365 423 2431 sadus.
470 2365 677 2449 Quapropter
698 2364 785 2430 absit
811 2386 831 2429 a
858 2385 910 2429 me
934 2371 971 2429 ιιι
1001 2364 1043 2431 ab
1067 2362 1204 2429 ecclesia
1229 2361 1265 2426 in

93 2471 160 2536 ullo
176 2471 228 2536 vel
244 2476 353 2537 atomo
370 2469 500 2556 quidem
515 2469 676 2550 recedam,
700 2469 766 2551 sed,
790 2470 851 2535 deo
867 2469 1050 2554 adjuvante,
1065 2467 1264 2554 permanebo

91 2578 124 2642 in
159 2577 287 2642 unitate
321 2574 398 2640 fidei
430 2574 604 2656 catholicae,
637 2575 714 2641 dum
746 2575 880 2660 spiritus
917 2574 976 2641 hos
1010 2575 1095 2658 regit
1128 2578 1220 2638 artus
1237 2572 1263 2637 ⁶.

93 2682 286 2766 Quanquam
314 2682 349 2746 iu
376 2679 488 2746 multis
517 2678 708 2745 offendimus
738 2697 863 2760 omnes,
899 2679 929 2745 S.
957 2679 1080 2746 Jacobo
1109 2684 1211 2758 teste,
1235 2676 1263 2743 si

93 2789 178 2854 enim
201 2787 275 2872 quis
297 2786 331 2850 in
355 2784 452 2851 verbo
475 2806 539 2849 non
561 2783 704 2866 offendit,
727 2785 779 2850 hic
803 2785 966 2870 perfectus
990 2793 1041 2852 est
1064 2785 1112 2850 vir
1129 2784 1151 2849 ⁷.

183 2893 291 2970 Quare
324 2890 399 2956 uolo
432 2890 472 2957 de
506 2912 557 2956 me
583 2892 711 2975 jactare
739 2897 866 2958 tantam
896 2893 1120 2971 sanctitatem,
1148 2895 1185 2956 ut
1214 2889 1265 2956 vel

93 2998 190 3064 verbo
214 2997 374 3062 neminem
402 2994 605 3077 offenderim,
637 3018 743 3082 neque
770 2996 934 3081 gloriabor
963 2997 1004 3063 de
1034 3003 1127 3064 tanta
1155 2996 1190 3061 in
1212 3017 1264 3061 me

93 3102 255 3188 sapientia
277 3107 314 3167 ut
337 3101 431 3166 velim
454 3102 602 3167 incautas
626 3100 819 3168 offensiones
847 3103 1059 3187 pertinaciter
1081 3100 1263 3168 defendere.

93 3209 178 3275 Nam
195 3207 209 3245 ⁸
232 3207 261 3273 si
276 3206 428 3273 Salomon
450 3205 505 3272 ille
525 3228 585 3272 rex
607 3207 709 3273 solam
730 3207 900 3292 postulans
917 3208 1118 3292 sapientiam,
1129 3208 1264 3291 jamque

92 3318 284 3381 consecutus
314 3332 335 3377 a
362 3312 491 3379 domino
520 3311 582 3378 deo
613 3318 681 3378 tam
705 3314 898 3397 sapientiam
927 3335 1023 3398 quam
1054 3312 1264 3397 prudentium

92 3419 229 3485 multam
244 3416 340 3483 nimis
361 3438 432 3502 qua
447 3416 656 3502 pracellebat
676 3419 870 3502 sapientiam
886 3419 1027 3483 omnium
1048 3416 1263 3497 orientalium,

94 3526 134 3592 de
165 3547 201 3592 se
228 3524 299 3609 ipso
331 3524 462 3608 quidem
484 3544 549 3589 non
571 3523 714 3608 utique⁹
742 3524 848 3590 animo
871 3523 1048 3588 mentiendi
1070 3519 1264 3588 testificatus

92 3637 152 3712 est,
175 3635 209 3697 et
232 3630 325 3695 dixit:
350 3629 566 3695 Stultissimus
589 3649 660 3693 sum
683 3629 835 3709 virorum,
858 3634 892 3695 et
915 3627 1075 3711 sapientia
1098 3625 1264 3692 hominum

91 3757 157 3803 non
180 3734 441 3815 estmeoum103
471 3733 696 3819 quantomagis
721 3754 779 3817 ego
809 3733 966 3818 profanus
988 3731 1176 3813 homuncio,
1199 3751 1264 3797 non

92 3840 198 3907 debeo
220 3839 300 3906 mihi
323 3859 477 3923 arrogare
497 3844 622 3905 tantam
646 3831 863 3924 prudentiam,
887 3844 925 3903 ut
938 3858 1134 3923 praesumam
1150 3841 1264 3903 contra

674 4044 692 4084 *

164 4134 498 4186 1Ηοιιιίιιοιιιιιιιίιιιιιιι3.
571 4133 827 4184 2Totumferme3.
901 4132 1126 4183 tiniueundasb.
1197 4130 1265 4182 tUt

88 4223 213 4276 resistere
232 4227 258 4275 3.
330 4224 346 4274 5
365 4222 499 4288 Sperando
511 4227 551 4273 est
564 4225 588 4272 3.
662 4227 677 4273 6
698 4223 767 4271 Dum
780 4221 890 4287 spiritus
904 4226 953 4271 eto.
973 4220 1052 4286 Verg.
1067 4219 1132 4269 hen.
1146 4217 1189 4280 IV,
1203 4220 1264 4270 336.

90 4311 225 4363 Ηιιιιοιι.
245 4314 270 4374 3,
290 4315 314 4361 2.
387 4312 489 4361 8Nam
514 4310 615 4375 ausgel.
637 4315 661 4361 2.
685 4307 790 4376 ianque]
815 4323 926 4383 eamque
947 4312 969 4364 l,
1044 4305 1186 4381 9Utiqae]
1205 4304 1264 4363 ubi·

89 4414 144 4471 que
163 4405 187 4456 ι.
264 4402 296 4451 io
314 4398 500 4467 stultissimus]
520 4397 634 4466 spriiohe
653 4400 695 4464 80,
716 4402 740 4456 2,
