2716 4898
712 283 732 347 8

141 469 215 535 dam
242 477 275 536 et
298 473 386 539 velut
408 472 620 557 appendicem
645 473 820 538 olariorum
847 472 856 509 ¹
880 471 1058 536 studiorum
1084 471 1227 540 minores
1250 472 1307 538 has

140 581 229 641 artes
254 584 286 641 et
310 600 380 644 esse
403 578 501 644 vultis
530 586 564 645 et
594 580 756 644 aestimari.
805 578 848 641 At
877 599 949 660 ego,
980 579 1035 663 qui
1064 579 1141 643 mibi
1166 578 1307 645 sterilem

139 681 223 746 hanc
239 681 291 768 (ut
314 683 361 749 ita
385 684 503 767 dicam)
520 706 653 750 arenam
678 683 887 749 excolendam
913 685 1034 767 sumpsi
1051 683 1072 762 2,
1096 686 1159 749 nisi
1182 684 1305 768 aliquid

142 787 281 872 amplius
312 811 410 874 quam
434 790 546 873 vulgus
571 812 685 870 coner,
717 790 794 874 quid
819 789 882 853 erit
914 810 977 872 quo
1014 810 1034 853 a
1067 790 1216 872 segniciae
1256 812 1308 856 no

141 893 226 958 mine
256 894 325 960 haec
356 884 429 960 mea
460 895 568 961 studia
599 896 781 961 defendam.
836 895 951 979 ltaque
986 895 1013 960 si
1044 897 1148 962 minus
1176 898 1211 961 in
1248 918 1309 962 uno

141 999 254 1082 quovis
278 1021 388 1066 eorum
412 1009 568 1085 praestare
591 1021 753 1085 possum(
771 1021 905 1064 numero
935 1021 985 1064 me
1010 1007 1104 1065 tuear
1135 1002 1329 1092 oportebit.

140 1105 182 1168 Et
205 1104 273 1170 haec
296 1127 396 1172 causa
419 1107 497 1171 mihi
527 1108 704 1173 communis
727 1106 813 1171 forte
845 1127 918 1169 cum
942 1105 1052 1171 multis
1077 1115 1142 1188 est;
1166 1108 1201 1172 id
1226 1108 1310 1192 quod

140 1209 246 1275 dicam
269 1213 403 1297 proprie
423 1235 530 1279 meum
554 1224 613 1278 est.
653 1213 807 1297 Reliquas
830 1210 943 1276 literas
967 1211 1046 1277 alius
1071 1213 1179 1293 didici,
1206 1215 1309 1297 cupivi

139 1318 224 1382 euim
248 1340 306 1401 pro
329 1319 414 1382 virili
437 1340 510 1384 mea
534 1320 642 1402 siqua
666 1338 794 1402 possem
811 1316 964 1381 literaria
981 1318 1179 1401 Reipublicae
1196 1321 1310 1403 patriae

141 1430 260 1489 nostrae
285 1425 455 1507 prodesse,
486 1425 570 1510 quod
596 1424 657 1489 uisi
682 1430 881 1508 spectassem
906 1429 978 1487 erat
1000 1423 1078 1487 mibi
1102 1425 1217 1489 eadem
1243 1446 1311 1511 quae

140 1529 287 1596 omnibus
312 1531 363 1595 via
387 1537 420 1596 et
443 1532 484 1596 ad
508 1553 560 1597 res
584 1530 747 1614 parandas
774 1529 905 1605 uberior
930 1536 962 1592 et
985 1529 1026 1592 ad
1053 1531 1191 1595 nominis
1219 1531 1312 1595 clari·

74 1718 81 1725 μ
139 1639 242 1699 tatem
266 1635 425 1702 illustrior
447 1645 480 1702 et
503 1637 545 1702 ad
561 1637 725 1702 hominum
745 1635 1055 1700 commendationem
1074 1637 1206 1718 gratior.
1246 1637 1311 1702 Has

140 1746 249 1805 autem
273 1743 351 1806 mibi
375 1743 508 1822 discam,
533 1744 634 1808 statui
660 1742 743 1807 enim
770 1741 946 1805 senectutis
971 1742 1128 1824 requiem,
1161 1743 1188 1806 si
1218 1742 1311 1807 modo

141 1866 181 1911 ea
196 1853 307 1912 manet
329 1870 398 1928 me,
431 1851 464 1912 iu
488 1870 654 1913 sacrarum
678 1848 848 1911 literarum
881 1846 1113 1929 perquisitione
1144 1847 1312 1928 collocare,

141 1973 240 2035 quum
269 1953 410 2037 itaque³
442 1976 574 2019 necesse
604 1953 742 2018 habeam
773 1958 849 2016 tunc
882 1951 984 2017 libros
1009 1974 1063 2017 eos
1088 1953 1166 2036 legis
1191 1954 1312 2018 intente

140 2057 404 2143 pensiculateque
428 2059 595 2140 lectitare,
629 2059 742 2124 videor
773 2057 850 2121 mihi
880 2058 992 2122 eadem
1022 2079 1122 2141 opera
1145 2064 1179 2123 et
1201 2060 1312 2125 literas

139 2162 311 2229 hebraicas
334 2164 489 2230 discendo
514 2186 569 2230 eos
593 2165 701 2247 legere
726 2169 760 2229 et
784 2162 930 2246 legendis
953 2164 999 2228 eis
1020 2164 1171 2229 hebraice
1189 2166 1312 2232 discere

139 2290 251 2353 posse,
282 2259 441 2355 simulque
468 2272 525 2344 τὴν
550 2261 688 2343 ἰδιότητα
712 2273 825 2334 ἐκείνου
849 2279 903 2333 τοῦ
932 2270 1023 2360 λόγου
1048 2272 1217 2360 μυστηρίοις
1239 2276 1310 2336 πολ-

139 2378 201 2449 λοῖς
223 2374 374 2466 γέμουσαν
398 2396 602 2460 pernoscere.
651 2374 791 2441 Basilius
815 2373 829 2411 4
853 2396 980 2459 quoque
1006 2380 1116 2440 noster
1140 2398 1236 2460 quem
1259 2377 1311 2443 de-

139 2481 296 2546 terruisse
325 2486 358 2546 te
388 2481 503 2548 scribis
535 2482 655 2547 acriter
678 2502 729 2545 me
753 2480 915 2560 incitavit,
947 2488 1077 2547 secutus
1109 2487 1218 2547 tamen
1250 2483 1310 2548 for·

139 2591 227 2651 tasse
259 2586 416 2671 impetum
447 2609 555 2654 meum
587 2593 620 2652 et
649 2588 792 2653 calcaria
821 2586 872 2668 (ut
903 2585 1034 2669 dicitur)
1067 2588 1211 2652 currenti
1239 2588 1310 2654 sub·

140 2692 229 2757 deus.
262 2692 345 2770 Quin
366 2699 404 2759 tu
426 2715 553 2779 quoque
578 2694 633 2779 qui
657 2693 822 2759 contraria
845 2693 945 2757 sentis
962 2694 1069 2758 nescio
1086 2714 1127 2758 an
1144 2695 1310 2760 acerrimis

139 2819 191 2863 me
214 2798 339 2864 facibus
363 2800 550 2879 extimules,
580 2807 675 2883 turpe
700 2820 828 2882 nanque
859 2798 958 2862 fuerit
988 2799 1066 2863 mihi
1094 2800 1144 2864 vel
1168 2799 1254 2866 nolle
1277 2800 1310 2865 id

140 2903 191 2968 vel
219 2925 282 2968 uon
312 2925 407 2988 posse
435 2905 603 2989 percipere
633 2906 667 2968 in
699 2905 759 2970 hoc
790 2904 970 2969 studiorum
1003 2905 1072 2969 ocio
1102 2905 1125 2986 ⁵,
1156 2906 1244 2990 quod
1276 2914 1310 2972 tu

140 3009 241 3074 tantis
273 3015 394 3095 tanque
418 3010 554 3076 diversis
578 3011 748 3076 districtus
771 3009 887 3076 studiis
911 3010 1037 3076 discere
1061 3012 1207 3096 potuisti.
1251 3013 1310 3076 Ba-

141 3115 232 3181 silius
261 3115 300 3181 de
324 3129 390 3200 quo
412 3116 527 3182 scribis
549 3117 582 3181 in
607 3117 716 3201 patria
740 3121 807 3195 est,
837 3115 899 3180 fuit
929 3116 1007 3180 mibi
1031 3118 1215 3183 arctissima
1239 3140 1309 3183 cum

142 3242 179 3287 eo
195 3221 410 3286 familiaritas.
449 3222 592 3288 Nuucius
609 3222 808 3307 interpellat,
832 3222 912 3287 vale.
954 3223 1178 3306 Heidelbergae
1195 3225 1309 3309 quinto

141 3328 219 3393 Idus
242 3326 450 3393 Novembres.

232 3434 1309 3513 Gedruokt:1=c.v.e.gvb..gob.2=J.v.e.i3b..4b.

143 3547 161 3603 3
197 3565 239 3596 =
270 3543 470 3603 RODOLPHI
496 3543 501 3619 Ι
529 3543 738 3604 AGRICOLAE
780 3545 925 3605 PHRISII
961 3539 1310 3626 Lb-lOUssRATIONES

141 3649 311 3722 ALIQUOT
328 3650 458 3711 LEOTU
482 3645 701 3724 Dl·lguissimae
713 3695 799 3710 .....
822 3653 827 3728 Ι
849 3651 1029 3710 COLONIAE
1050 3653 1055 3729 Ι
1075 3653 1152 3725 apud
1169 3651 1311 3712 Joaunem

719 3865 737 3903 tls

213 3975 223 4020 1
246 3968 375 4021 clarorum
396 3974 420 4021 2.
499 3975 513 4021 2
540 3956 613 4022 liber
637 3971 708 4022 diese
733 3972 786 4023 und
813 3970 855 4021 die
881 3972 1021 4038 folgenden
1046 3973 1141 4022 stelles
1168 3973 1309 4024 Reuchlins

138 4059 284 4110 verbltltuis
303 4075 334 4109 zu
355 4059 458 4110 Wessel
477 4076 502 4110 n.
522 4076 542 4110 s.
563 4077 593 4110 w.
613 4061 666 4127 vgl.
687 4078 719 4111 m.
739 4060 801 4111 Mel.
816 4077 852 4110 or.
867 4077 889 4111 s.
904 4063 936 4111 50
956 4062 1024 4111 und:
1044 4061 1090 4110 das
1110 4061 1177 4111 stud.
1199 4062 1224 4111 d.
1239 4063 1309 4113 hebr.

25 4203 28 4209 ,
137 4149 247 4214 sprache
266 4148 387 4213 (Breslau
410 4153 487 4214 1870)
507 4167 527 4200 s.
549 4154 578 4198 21
602 4151 632 4211 f.;
653 4167 678 4199 u.
698 4167 731 4199 m.
751 4149 916 4211 „Reucblin“
936 4167 957 4200 s.
982 4153 1029 4199 109
1049 4165 1071 4198 a.
1096 4154 1117 4199 1.
1194 4153 1309 4201 sitan.

138 4237 297 4305 4Basiliua]
320 4237 426 4287 dohanu
448 4238 559 4288 Wassel.
596 4223 668 4288 liber
688 4239 732 4287 ihu
753 4239 806 4304 rgl.
833 4239 958 4299 Ulmann,
987 4238 1174 4288 reformatores
1196 4256 1244 4288 vor
1267 4239 1309 4288 der

137 4327 240 4374 reform.
255 4328 287 4389 ll,
302 4331 344 4376 lta
357 4327 416 4376 aufl.
440 4328 514 4377 1866.
533 4344 553 4376 s.
574 4329 624 4376 235
645 4328 685 4377 bis
705 4329 766 4376 557.
821 4331 836 4376 5
856 4327 923 4394 ocio]
941 4329 1001 4395 Agr.
1016 4327 1085 4378 lebte
1107 4329 1132 4376 iu
1147 4327 1308 4395 unabhdngi-

141 4429 188 4480 ger
206 4409 284 4464 molle
304 4414 346 4464 bei
364 4414 426 4466 Job.
446 4432 470 4466 v.
492 4415 612 4485 Dalburg
632 4416 658 4465 in
679 4416 849 4484 Heidelberg.
