2716 4898
708 266 751 330 96

146 462 239 521 recta
254 455 378 522 discere
396 456 537 540 coeperit,
553 461 673 541 praeter
693 455 849 541 insignem
864 457 1055 540 magistrum
1074 458 1168 524 illum
1182 457 1306 526 Paulum

147 563 332 646 episcopum
366 564 562 647 Burgensem
578 564 597 624 ¹.
644 562 831 628 Judaeorum
864 563 940 628 clim
972 563 1201 631 doctissimum
1228 567 1306 651 cnjus

145 669 189 734 ad
219 692 277 734 nos
303 691 377 735 sera
407 670 574 734 conversio
603 668 751 752 plurimis
782 669 844 734 fuit
867 669 1050 736 hominibus
1074 670 1174 737 saluti
1201 676 1235 737 et
1263 671 1307 737 cui

145 796 197 840 me
212 775 408 859 posthabitis
424 775 557 858 reliquis
573 773 707 839 herbam
725 775 803 840 dare
819 775 899 839 nihil
914 776 1025 859 pudet.

236 881 503 965 Expergiscimini
520 880 628 962 igitur,
659 880 893 961 adulescentes,
917 888 1012 960 etta,
1031 902 1187 964 germane
1207 880 1307 961 frater,

146 993 261 1052 excute
289 987 328 1051 ab
351 987 459 1050 animo
484 985 725 1066 hebetudinem,
759 993 924 1052 tantorum
952 987 1095 1053 virorum
1124 988 1305 1053 imitatione.

144 1094 228 1158 Nam
253 1094 280 1158 si
297 1100 364 1157 tam
382 1091 577 1157 excellentes
599 1092 744 1158 homines
768 1114 891 1158 annosa
914 1093 947 1156 in
970 1098 1068 1158 aetate
1095 1093 1305 1176 intelligentes

145 1220 279 1264 summae
311 1219 350 1262 ac
380 1197 619 1282 jocundissimus
661 1199 946 1281 contemplationis
983 1198 1221 1264 nobilissimam
1253 1198 1306 1264 sibi

145 1306 348 1372 occasionem
379 1302 536 1381 defuisse,
567 1309 693 1368 tantum
722 1310 846 1369 ettam
869 1304 1042 1369 vehemens
1065 1304 1214 1370 studium
1243 1325 1306 1369 sero

145 1410 278 1477 tandem
302 1409 465 1474 hebraicis
489 1409 730 1493 impenderunt,
755 1416 915 1496 quatenus
938 1409 1031 1475 labor
1054 1431 1170 1476 eornm
1193 1411 1227 1475 in
1255 1430 1306 1476 nos

145 1538 248 1602 nsque
265 1514 474 1593 redundaret,
490 1551 534 1560 —-
550 1536 608 1579 cnr
624 1537 686 1580 nou
711 1523 746 1581 tu
769 1517 838 1599 ipse
862 1537 900 1582 ac
923 1525 1038 1601 perte
1063 1517 1168 1582 ceteri
1191 1516 1305 1599 magnis

144 1622 280 1707 ingeniis
311 1620 439 1705 praediti
469 1619 695 1686 adulescentes
728 1623 868 1705 speratis
891 1622 934 1686 ad
957 1622 1056 1687 talem
1079 1621 1306 1705 perfectionem

145 1753 185 1797 ex
213 1728 376 1795 indefessa
406 1726 533 1809 legendi
562 1725 751 1810 fatigatione
782 1735 816 1793 et
845 1727 1032 1813 quotidiano
1065 1727 1222 1794 exercitio
1245 1728 1305 1792 siue

144 1836 211 1903 ullo
240 1835 373 1899 doctore
396 1832 603 1897 nihilominus
626 1855 721 1916 posse
744 1835 912 1917 pervenire
932 1835 952 1898 ¹.
983 1835 1032 1899 De
1054 1834 1305 1918 praeceptoribus

145 1947 255 2006 autem
284 1939 364 2002 meis
389 1936 442 2022 (ne
467 1937 545 2001 mihi
569 1939 770 2004 oblatrantes
793 1939 947 2025 insulent)
970 1941 1053 2005 hanc
1076 1940 1238 2005 rationem
1266 1937 1306 2003 af·

144 2046 231 2112 fero:
255 2065 319 2108 non
340 2065 391 2107 mc
408 2043 550 2127 piguisse
573 2045 639 2110 ullo
657 2051 803 2128 tempore
818 2044 878 2110 abs
894 2045 1039 2128 quolibet
1055 2045 1172 2111 Judaeo
1188 2065 1309 2128 semper

144 2150 349 2235 aliquantula
382 2150 571 2229 corradere,
601 2172 672 2235 quae
705 2151 748 2215 ad
777 2151 958 2216 doctrinam
988 2151 1133 2234 aliquam
1156 2151 1308 2216 librorum

143 2257 370 2323 hebraicorum
403 2255 630 2322 conducerent.
677 2257 767 2322 Sicut
791 2257 875 2322 enim
898 2279 963 2321 non
980 2256 1068 2339 apud
1085 2256 1189 2322 Jonas
1211 2274 1308 2340 neque

144 2364 212 2430 ulla
235 2364 266 2427 in
292 2361 424 2441 Graecia,
448 2362 506 2426 sed
531 2363 665 2428 anileae
689 2364 827 2446 primum
843 2363 886 2427 ab
905 2361 1088 2427 Andronico
1106 2361 1308 2440 Contoblaca,

144 2469 261 2535 deinde
277 2468 411 2534 Parisiis
435 2490 455 2533 a
477 2469 615 2552 Georgio
637 2470 853 2553 Hermonymo
879 2467 1045 2551 Spartiate
1062 2468 1084 2547 ²,
1107 2474 1186 2552 post
1207 2468 1308 2532 Rcmae

143 2575 186 2642 ab
209 2576 410 2660 Argyropylo
433 2575 590 2658 Byzantio
618 2574 747 2658 publice
777 2575 811 2638 in
842 2575 999 2640 Vaticano
1023 2573 1248 2659 Thucydidem
1270 2573 1309 2636 le·

142 2688 237 2766 gente
261 2682 363 2764 Xysto
386 2680 440 2746 IV.
463 2682 566 2759 Pont,
595 2680 638 2745 ad
668 2687 848 2746 extremum
871 2680 1043 2746 Florentiae
1067 2678 1304 2762 Mediolanique

142 2807 164 2853 a
194 2787 361 2853 Demetrio
393 2785 610 2870 Chaleondyle
647 2785 833 2851 Graecorum
868 2785 1010 2869 linguam
1042 2784 1248 2850 frustillatim
1278 2787 1308 2847 et

144 2893 245 2978 quasi,
269 2892 370 2957 micas
406 2891 446 2956 de
477 2913 589 2957 mensa
620 2891 741 2957 domini
779 2893 933 2958 cadentes
972 2891 1100 2976 accepi,
1143 2909 1308 2958 connume-

143 3018 252 3065 rarem
267 2997 332 3062 illis
348 2996 558 3063 Hermolaum
574 2994 758 3065 Barbarum
773 3000 960 3066 Innocentio
973 2997 995 3078 ³,
1017 2997 1179 3082 insignem
1203 3003 1236 3064 et
1251 2994 1307 3062 mei

721 3141 738 3181 11

214 3239 225 3286 l
247 3232 375 3285 Reuchlin
394 3248 415 3286 s.
438 3238 486 3287 120
506 3235 542 3302 fg.
615 3239 628 3285 2
650 3234 710 3302 Vgl.
735 3236 802 3288 oben
821 3254 876 3290 nro.
895 3237 908 3289 I
926 3237 963 3304 lg.
1037 3238 1053 3286 3
1078 3233 1130 3286 Die
1156 3230 1306 3303 geschichte

143 3320 190 3375 der
209 3322 370 3390 begegnung
387 3323 431 3375 as
448 3324 496 3373 mit
508 3323 694 3390 Argyropylns
710 3326 811 3377 erutthh
827 3325 1017 3378 Melanchthou
1036 3323 1122 3375 echon
1142 3326 1210 3374 1633
1224 3321 1307 3390 (corp.

142 3411 333 3478 1111111111.
354 3414 426 3478 137),
451 3411 521 3462 deun
543 3413 608 3462 1552
635 3413 662 3462 in
686 3412 732 3463 der
756 3414 818 3465 rede
838 3414 902 3465 iiber
920 3412 1065 3476 Reuchlin,
1087 3413 1127 3463 sie
1151 3412 1235 3464 findet
1256 3409 1306 3462 sich

140 3500 183 3554 bei
197 3502 312 3552 Manlius
328 3503 454 3551 Locorum
477 3500 660 3551 Communium
679 3501 842 3553 collectanea
860 3502 914 3553 und
933 3504 968 3552 ist
987 3518 1038 3552 von
1058 3501 1129 3551 allen
1148 3499 1306 3568 biographer

142 3589 285 3640 Reuchlins
311 3589 472 3640 wiedorhelt.
510 3589 553 3640 Sic
578 3589 643 3639 wird
667 3590 835 3655 gewohnheh
860 3589 1002 3641 fttlschlich
1027 3590 1068 3640 ins
1088 3589 1151 3652 jahr
1179 3591 1245 3641 1498
1267 3603 1306 3654 ge·

142 3683 222 3741 retat3
249 3676 310 3728 dass
333 3679 372 3727 sie
394 3675 435 3727 ins
454 3677 515 3742 jahr
537 3681 602 3727 1482
622 3678 728 3743 gchdrt,
753 3677 1233 3745 8011100110101010101101101001,
1256 3673 1305 3741 vgl.

141 3765 227 3818 meino
245 3765 306 3816 Mel.
328 3764 411 3817 oratio
431 3781 452 3817 s.
472 3767 503 3815 61
525 3765 542 3817 f.
580 3767 618 3817 Zu
640 3765 697 3816 dem
717 3766 775 3818 dort
793 3765 946 3835 gegebenen
966 3768 1001 3816 ist
1018 3766 1228 3834 hinauanfilgen,
1250 3762 1305 3814 dass

142 3853 188 3908 der
209 3853 410 3923 genbhnlichen
429 3851 559 3904 annahmo
578 3854 644 3903 nach
665 3857 728 3920 Arg.
749 3856 830 3908 schcu
853 3860 920 3908 1486
939 3855 1079 3923 gestorbcn
1101 3856 1160 3907 sein
1179 3855 1241 3907 soll.
1274 3850 1305 3903 Er

141 3961 196 3997 war
214 3948 241 3996 in
261 3941 479 4007 constantinopol
499 3940 628 4007 geboreu,
648 3943 710 3992 kam
729 3944 788 3994 friih
807 3945 847 3994 als
868 3943 953 3996 lehrer
972 3945 1017 3995 des
1037 3944 1225 4010 griechischen
1243 3940 1303 3993 nach

141 4033 244 4096 ltalien,
264 4032 348 4083 lehrte
368 4047 417 4080 von
436 4032 502 4079 1434
521 4030 548 4079 in
562 4028 662 4098 Padua,
683 4048 733 4082 von
755 4035 821 4084 1466
841 4035 868 4082 111
883 4033 1000 4096 Florenz,
1019 4032 1108 4082 wohin
1127 4034 1175 4083 ihn
1200 4033 1303 4083 Gosmne

140 4138 192 4173 ron
211 4120 309 4171 Medici
332 4119 372 4168 uls
395 4118 527 4185 professor
546 4105 592 4167 der
614 4119 834 4184 peripatetischen
858 4121 1025 4187 philosophie
1045 4121 1143 4185 bericf,
1170 4136 1221 4171 von
1244 4120 1300 4170 1471

140 4208 175 4260 'an
193 4211 220 4259 in
240 4212 315 4260 Rom.
352 4207 387 4256 Er
405 4204 451 4256 hat
470 4205 527 4255 sich
546 4206 707 4256 namentlich
735 4209 817 4258 durch
836 4209 986 4274 arragaben,
1012 4209 1132 4260 schclien
1155 4209 1210 4260 und
1234 4207 1301 4257 tiber·

141 4303 284 4363 cetaungen
311 4295 356 4346 der
380 4293 591 4345 aristotelischen
609 4294 736 4346 schriften
755 4297 874 4348 verdient
896 4297 1026 4364 gemacht.
1066 4297 1127 4365 Vgl.
1148 4297 1252 4350 Hodius
1274 4293 1300 4344 dt

141 4384 249 4439 Graecis
268 4382 416 4437 illustribus
434 4398 456 4435 11.
477 4383 524 4434 181
545 4380 587 4433 bic
607 4386 667 4437 210.
