2716 4898
647 315 712 383 116

92 510 211 578 tatoris
244 509 348 576 officio
375 507 512 592 fungens
539 507 647 573 varias
674 506 890 573 bibliothecas
918 508 990 591 ejus
1011 507 1189 592 praecipue
1208 529 1253 574 re·

92 617 216 701 monn,
251 615 307 681 ubi
330 613 417 681 Ousa
445 613 552 679 adhuc
578 614 612 677 in
639 614 789 679 humanis
816 633 915 696 agens
946 613 1101 698 frequens
1136 613 1254 692 fuisset,

92 743 179 807 saepe
195 722 413 806 perlustraret
427 725 527 804 atque
542 726 723 785 excuteret.
760 719 821 783 Hic
844 725 954 783 autem
975 726 1099 802 praeter
1112 717 1251 784 libellum

94 827 136 893 de
160 827 222 894 deo
241 826 434 893 abscondito
457 846 554 910 quem
570 826 676 909 pridie
692 826 888 908 exscriptum
911 823 1016 890 babeo
1038 830 1073 889 et
1095 845 1254 890 sermones

94 932 173 999 nihil
201 954 237 999 se
269 932 376 998 adhuc
411 933 609 1016 comperisse
647 929 807 996 adfirmat.
851 930 1067 996 Percontatus
1095 937 1251 1015 praetcrea

94 1060 166 1105 sum
181 1059 202 1104 a
217 1038 377 1104 Pelecano
393 1037 595 1103 Rubeacensi
614 1037 635 1116 ¹,
658 1037 834 1102 vidissetne
851 1036 977 1120 uspiam
993 1035 1062 1101 tale
1084 1037 1255 1121 quippiam,

97 1144 211 1210 retulit
225 1144 263 1224 is,
286 1149 320 1208 te
335 1142 439 1208 multa
454 1143 586 1221 habere,
610 1163 682 1227 quae
698 1142 785 1208 Cosa
800 1142 1045 1226 composuisset
1068 1142 1130 1208 sed
1151 1142 1255 1226 paucis

95 1270 135 1315 ea
157 1249 406 1327 communicare,
428 1249 548 1333 quippe
572 1270 656 1332 quac
676 1248 764 1332 apud
780 1254 814 1313 te
829 1254 939 1313 esseut
960 1248 993 1313 in
1009 1268 1127 1331 magno
1142 1249 1253 1331 precio.

94 1351 294 1437 Significavit
316 1353 395 1418 mihi
417 1353 478 1420 hoc
500 1354 587 1418 idem
611 1354 770 1420 Ruschius
785 1353 1011 1419 cartusiensis.
1042 1353 1136 1438 Coepi
1150 1354 1254 1438 itaque

95 1458 313 1526 eruditissime
336 1459 401 1540 vir,
432 1458 548 1525 exinde
571 1460 731 1544 cogitare,
762 1480 826 1543 quo
849 1464 945 1543 pacto
968 1479 1042 1524 mea
1063 1479 1167 1542 opera
1187 1479 1255 1543 par·

94 1564 198 1649 ticeps
221 1563 397 1632 eorundem
421 1565 606 1632 libellorum
628 1565 734 1631 Faber
758 1564 946 1630 efficeretur.
993 1565 1036 1629 Et
1057 1565 1164 1647 primo
1186 1585 1252 1629 cum

97 1669 138 1737 dc
167 1670 323 1756 parandis
353 1671 396 1738 ad
424 1676 458 1737 te
490 1671 593 1737 literis
624 1671 793 1737 consilium
830 1671 972 1737 iniissem
1000 1676 1035 1734 et
1068 1690 1122 1735 me
1153 1670 1252 1754 ipsum

95 1778 292 1861 aspicerem,
320 1777 445 1843 frustra
467 1798 519 1843 me
543 1762 714 1842 canturnm
738 1797 808 1842 esse
831 1774 1047 1853 subserebat,
1069 1796 1159 1856 mox,
1186 1796 1253 1841 cum

95 1881 255 1963 Fabrnm,
287 1884 338 1948 cui
363 1883 431 1948 hacc
455 1883 540 1948 mitti
564 1882 736 1963 deberent,
765 1889 800 1948 et
828 1883 881 1946 cui
907 1882 960 1945 vix
987 1881 1100 1964 negari
1126 1885 1253 1965 possent

96 1985 364 2071 consyderarem,
393 1989 520 2054 animus
543 1987 620 2052 mihi
642 1986 781 2053 fidenter
803 1986 935 2070 petendi
962 1985 1059 2051 datus
1081 1993 1144 2051 est
1188 1986 1252 2052 Non

96 2093 181 2157 enim
207 2099 302 2158 tanto
324 2093 394 2158 viro
417 2094 475 2178 qui
498 2101 531 2159 te
555 2100 588 2160 et
610 2100 667 2160 tna
688 2093 794 2159 omnia
810 2094 925 2157 mirum
940 2092 973 2156 in
988 2091 1122 2158 modum
1137 2091 1251 2170 laudat,

97 2197 243 2279 extollit,
266 2198 454 2282 magnifacit
475 2207 509 2264 te
532 2221 595 2265 non
619 2200 877 2284 obsequutumm
899 2197 994 2264 facilc
1023 2218 1170 2283 unquam
1192 2218 1252 2262 cre

97 2301 244 2369 diderim.
276 2303 337 2383 Qui
361 2304 402 2370 de
418 2311 450 2370 te
466 2305 499 2370 iu
515 2306 710 2391 quincuplici
726 2304 739 2344 ²
762 2304 916 2389 psalterio
932 2304 1033 2388 (quod
1048 2304 1091 2368 ad
1116 2302 1253 2370 hebraici

97 2415 131 2474 ct
140 2409 237 2493 graeci
247 2409 442 2495 exemplaris
458 2411 669 2495 archetypum
682 2411 852 2476 veritatem
862 2409 1047 2476 fidelissime
1058 2410 1253 2494 recognitum

97 2519 132 2580 ot
147 2515 382 2582 venustissimis
400 2516 486 2582 notis
503 2516 721 2597 informatum,
741 2516 820 2582 mihi
835 2515 1001 2601 nuperime
1016 2516 1145 2583 muneri
1159 2511 1253 2600 misit)

97 2618 146 2685 ita
176 2619 387 2687 honorificam
419 2622 614 2688 mentionem
643 2622 736 2704 facit,
770 2628 809 2687 ut
841 2621 943 2687 libeat
974 2622 1044 2706 ejus
1070 2621 1126 2687 hic
1163 2620 1253 2687 uerba

96 2742 281 2808 recensere,
313 2746 411 2812 quom
443 2727 483 2793 de
521 2729 724 2813 supersaucti
756 2727 841 2810 regis
870 2727 973 2793 nostri
1006 2733 1040 2793 et
1079 2726 1254 2794 Servatoris

97 2830 226 2896 nomine
249 2830 402 2916 loquitur,
428 2833 474 2898 sic
497 2833 686 2918 inquientis:
714 2831 816 2913 ,lllud
831 2831 916 2897 idem
933 2832 1063 2916 scripsit
1079 2831 1254 2899 Mirandula

98 2932 195 3000 etde
220 2935 334 3002 codem
356 2938 473 3004 librum
498 2939 601 3005 edidit
624 2939 879 3022 elegantissimus
903 2943 937 3003 ct
958 2938 1025 3004 sine
1042 2938 1255 3005 controversia

98 3038 184 3105 inter
208 3040 330 3108 Suevos
361 3042 567 3110 doctissimus
591 3044 732 3112 Joaunes
755 3043 915 3128 Capniou,
943 3046 1034 3130 cujus
1062 3043 1163 3127 paulo
1188 3049 1254 3108 aute

97 3143 317 3227 meminimus,
349 3168 445 3232 quem
476 3150 607 3233 quidem
635 3149 780 3216 libellum
802 3149 845 3215 ab
867 3149 923 3216 illo
955 3149 1062 3216 divino
1091 3148 1254 3216 benedicto

98 3254 132 3314 et
155 3250 301 3318 rumando
323 3255 452 3320 nomino
477 3256 517 3322 de
542 3255 648 3321 Verbo
665 3253 801 3320 Mirifice
823 3256 1051 3340 nuncupavit“.
1097 3255 1256 3322 Haemum

96 3353 212 3423 Faber.
257 3356 340 3437 Quin
372 3358 445 3426 aliis
472 3360 505 3425 iu
536 3360 616 3427 locis
651 3359 955 3426 Reuchlinianorum
994 3360 1255 3429 Rudimentorum

676 3518 695 3555 lt

172 3613 308 3667 lecurad
327 3615 449 3668 Pcllikau
470 3633 491 3668 s.
515 3633 538 3669 o.
564 3635 585 3669 s.
611 3622 643 3669 72
662 3635 685 3670 a
705 3623 729 3671 3.
804 3624 818 3670 2
841 3620 997 3686 quintuplici
1019 3624 1040 3670 l.
1068 3625 1093 3673 2.
1114 3624 1138 3672 3.
1170 3620 1257 3685 QVlll·

96 3697 258 3768 cvrtaxr
279 3703 445 3754 Psaltsrium.
469 3707 631 3770 lGallicum.
653 3710 657 3774 l
680 3709 834 3759 Romanum.
857 3709 1038 3775 {Hebraicum
1059 3709 1150 3763 Vetus.
1171 3709 1175 3779 l
1199 3709 1257 3762 Gon·

97 3785 197 3839 ciliattl.
221 3788 316 3854 l'l'itsl
341 3792 367 3841 in
392 3792 524 3844 bllbscher
543 3796 697 3862 einlessung
718 3796 835 3848 assbll.
860 3797 887 3846 in
907 3796 953 3847 iol.
990 3798 1039 3847 Am
1063 3797 1183 3850 schluss:
1209 3799 1258 3848 AB·

95 3872 262 3927 solantur
289 3878 370 3929 svm
396 3880 469 3932 1100
494 3882 738 3945 vacvrtlcffi
768 3884 955 3935 PSALTERII
982 3884 1071 3936 OPVS
1093 3886 1132 3938 IN
1154 3887 1159 3943 l
1180 3902 1258 3938 coeuo·

95 3960 140 4013 bio
163 3965 248 4016 sancti
273 3965 397 4018 Germani
423 3985 504 4036 prope
530 3986 618 4022 muros
639 3972 791 4024 Peristeses:
816 3987 883 4022 anuo
903 3989 918 4023 a
937 3972 1021 4023 natali
1040 3973 1185 4027 CHRISTI
1200 3979 1205 4040 Ι
1221 3974 1258 4024 do·

95 4050 159 4099 mlni
182 4052 258 4104 11108.
295 4053 328 4103 Bt
350 4057 377 4106 iu
403 4057 551 4109 clarissimo
575 4060 709 4111 Parisioru'r
729 4061 874 4125 Gymnasio
900 4077 932 4110 ex
958 4061 1120 4130 chalcotypo
1135 4065 1141 4133 Ι
1157 4064 1259 4116 chrici

95 4136 220 4204 Stephani
234 4139 342 4192 officina
357 4158 371 4192 s
384 4145 492 4210 regione
504 4145 628 4200 scholarii
644 4150 787 4200 Decretord
804 4150 809 4214 Ι
825 4150 924 4201 emissa
937 4166 1005 4201 anuo
1019 4151 1113 4216 aJusde
1126 4152 1259 4205 (1111118Τὶ

96 4224 235 4277 saluatoris
253 4230 343 4280 omniu
359 4232 365 4295 Ι
384 4235 450 4282 1509
474 4232 558 4298 pridie
582 4234 696 4287 Calidas
720 4237 841 4302 Augusti.
879 4237 923 4287 llli
942 4239 1023 4304 igitur
1038 4240 1043 4304 Ι
1060 4240 1106 4304 qui
1125 4241 1259 4293 absolvere

96 4319 122 4361 ct
146 4311 298 4366 absolutum
324 4319 351 4367 iu
380 4322 385 4382 Ι
408 4319 545 4384 publicum
572 4323 710 4393 emitte-lte
736 4324 816 4375 dedit.
840 4326 952 4391 {LAVS
981 4327 1026 4376 Er
1054 4328 1259 4382 GRATIasvu

94 4398 200 4450 ACTIO
220 4403 256 4453 IN
275 4404 411 4456 SECVLA
429 4407 646 4460 sucvuossvm
667 4412 797 4479 ΑΜΕΝ.Ι
832 4415 957 4479 (Durmst.
977 4414 1103 4485 hofbibl.)
