2716 4898
643 242 710 310 216

92 432 154 500 bus
177 431 439 500 adversariorum
464 438 594 501 tuorum
618 430 675 519 qni
708 429 803 498 famae
827 436 892 499 tuae
915 430 1064 499 insidiati
1088 435 1165 498 sunt
1184 428 1253 498 libe

94 545 155 619 ret,
178 546 216 604 ut
238 541 392 625 quietiori
416 539 532 607 dehinc
555 539 662 605 animo
693 544 727 605 at
751 537 830 604 mihi
854 543 888 605 et
909 536 984 605 aliis
1007 537 1108 624 hujus
1129 536 1179 604 roi
1198 542 1255 606 stu·

94 643 196 713 diosis
219 647 339 713 auxilio
364 653 397 713 et
419 645 555 713 consilio
578 644 693 712 adesse
717 664 828 732 queas.

182 751 266 817 Nam
289 752 377 837 quod
399 751 463 819 scis
486 772 538 817 me
562 750 675 817 similis
698 750 830 817 fortuna
852 750 973 820 multos
996 770 1105 820 annos
1122 751 1254 836 agitavit,

93 857 224 944 quando
256 858 380 924 scilicet
411 855 577 925 arabidis
606 855 737 940 indigno
768 855 933 924 laceratus
964 863 999 925 et
1029 858 1065 924 in
1101 877 1254 937 carcerem

94 967 259 1052 conjectus
276 963 336 1030 fui:
360 962 493 1042 Judaeis,
516 961 593 1047 quia
608 982 720 1028 eorum
735 961 848 1029 literas
864 962 1043 1044 discebam,
1061 961 1254 1045 Christianis,

95 1073 172 1157 quia
206 1093 279 1137 cum
303 1069 425 1135 ludaeis
457 1067 693 1149 conversabar,
727 1066 802 1137 odio
835 1070 975 1137 maximo
998 1076 1101 1136 eram.
1147 1069 1254 1154 (Unum

93 1178 241 1244 hocloco
258 1175 393 1260 excipio,
414 1175 554 1260 primum
574 1174 608 1240 in
623 1173 826 1241 hebraeorum
844 1175 1014 1242 elementis
1029 1181 1254 1262 praeceptorem

93 1305 212 1364 meum,
237 1282 368 1348 Moscho
393 1281 506 1347 Mbllin
528 1302 569 1347 ex
591 1279 850 1367 Weyssenburg,
877 1302 975 1367 quem
1003 1280 1098 1348 nulla
1124 1303 1253 1368 unquam

95 1389 183 1474 apud
207 1411 258 1454 me
283 1387 406 1454 delebit
428 1386 564 1468 oblivio,
595 1387 715 1472 quique
739 1387 827 1453 solus
850 1386 1000 1453 exomni
1022 1384 1254 1471 perfidiafidos

94 1495 174 1561 mihi
204 1492 289 1580 fuit.)
337 1495 498 1579 Utrinque
528 1492 665 1574 insidia,
696 1493 848 1579 utrinque
878 1491 1026 1578 pericula
1048 1497 1085 1560 et
1106 1492 1183 1560 vita
1204 1492 1254 1560 dis

96 1601 231 1667 crimina
254 1600 467 1686 parabantur.

184 1708 297 1773 Tantae
320 1706 414 1772 molis
438 1712 511 1773 erat
532 1725 662 1773 moseos
685 1705 696 1745 ¹
719 1725 867 1792 quaerore
890 1705 976 1772 vices
1007 1725 1090 1793 quas
1121 1703 1254 1792 perfecto

96 1818 254 1897 tanquam
287 1811 468 1897 preciosam
498 1812 710 1896 margaritam
741 1833 758 1878 e
788 1810 904 1877 mediis
933 1811 1085 1878 hostibus
1119 1818 1255 1896 ereptam

97 1918 297 1985 abscondere
321 1918 438 1983 merito
462 1916 627 1997 deberem,
651 1923 863 1983 veruntamen
885 1938 958 1984 cum
982 1918 1014 1982 in
1030 1923 1175 1984 mentem
1190 1915 1255 1982 mihi

96 2023 239 2089 venisset
266 2023 438 2090 salvatoris
461 2023 566 2089 nostri
598 2022 765 2103 doctrina,
798 2043 863 2108 qua
894 2029 1005 2089 monet
1031 2025 1194 2090 neminem
1216 2022 1255 2087 lu·

97 2150 228 2196 cernam
252 2129 313 2195 sub
336 2128 444 2195 modio
467 2149 600 2214 ponere,
624 2128 682 2195 sed
705 2150 805 2213 super
826 2128 1071 2211 candelabrem,
1098 2134 1138 2196 ut
1160 2129 1257 2195 luceat

97 2234 254 2316 omuibus,
277 2236 350 2319 cepi
373 2235 562 2302 thesaurum
584 2255 691 2300 meum
716 2234 806 2321 (licet
822 2231 986 2322 exiguum)
1002 2235 1070 2302 late
1086 2233 1254 2302 diffundere

95 2343 316 2426 magisterque
349 2342 457 2408 factus
490 2363 561 2408 sum
593 2349 770 2427 antequam
802 2340 906 2408 bonus
938 2361 1043 2409 essem
1078 2340 1254 2427 discipulus.

97 2447 162 2515 Sed
186 2449 265 2533 quid
289 2469 353 2515 non
379 2448 498 2514 suadet
520 2448 669 2530 egestas?
714 2447 868 2513 Nonnihil
890 2452 1000 2513 tamen
1023 2445 1254 2513 commoditatis

97 2554 208 2620 attulit
224 2553 337 2621 sedula
353 2574 426 2620 mea
442 2553 618 2639 diligentia,
641 2558 743 2619 testes
759 2553 836 2618 mihi
853 2559 929 2619 sunt
944 2553 1000 2638 qui
1015 2573 1068 2619 me
1083 2552 1254 2630 audierunt,

98 2659 279 2746 exquibus
309 2680 433 2746 paucos
463 2680 636 2726 numerare
662 2660 757 2744 juvat
785 2665 822 2725 ut
850 2664 884 2724 et
906 2656 962 2724 alii
985 2657 1102 2725 borum
1126 2658 1253 2725 virorum

97 2767 277 2833 autoritate
300 2766 381 2832 moti
404 2770 471 2832 tam
495 2772 626 2831 sanctas
650 2765 763 2832 literas
786 2765 956 2831 addiscere
979 2763 1124 2849 cupiant
1169 2761 1254 2830 Audi·

98 2877 187 2938 tores
220 2873 319 2955 igitur
349 2872 414 2937 mei
445 2871 578 2938 fuerunt
601 2871 726 2956 Caspar
758 2871 905 2951 Ammon,
938 2869 1112 2954 theologiae
1144 2869 1252 2946 doctor,

98 2977 306 3062 provincialis
330 2977 453 3043 ordinis
478 2977 544 3044 divi
567 2977 755 3062 Augustini,
785 2976 838 3043 cui
867 2983 988 3062 praeter
1016 2975 1077 3042 has
1100 2975 1209 3042 literas
1227 2973 1252 3039 ir

98 3082 162 3148 hac
177 3082 431 3166 ingravescente,
457 3088 555 3149 aetate
578 3083 660 3148 nihil
682 3090 733 3149 est
757 3081 885 3164 solatio,
906 3103 970 3168 qno
987 3081 1129 3168 denique
1152 3078 1252 3148 morito

97 3187 232 3275 gloriari
255 3189 352 3269 solio,
385 3190 625 3255 exactissimam
658 3189 744 3255 enim
766 3187 916 3273 psalterii
937 3208 1056 3254 novam
1080 3187 1179 3255 etiam
1199 3190 1252 3251 tra

98 3295 271 3363 ductorem
286 3294 476 3381 propediem
491 3294 632 3379 posteris
653 3294 822 3361 mandabit
838 3294 868 3374 ²3
902 3293 1117 3361 Sebastianus
1134 3292 1252 3378 Spreotr

97 3401 212 3469 doctor
234 3402 430 3487 praepositus
453 3400 654 3467 Brixinensis
676 3401 703 3480 ³3
726 3385 885 3466 Henricus
908 3398 949 3465 dc
973 3399 1040 3466 Sax
1063 3397 1161 3479 baro,
1187 3415 1253 3484 pra

97 3507 223 3593 positus
241 3506 385 3572 ecclesiae
398 3505 509 3572 Sancti
530 3506 619 3572 Petri
635 3506 784 3586 Basileae,
801 3505 984 3572 Canonicus
1000 3501 1253 3578 Constantiensis,

97 3613 240 3710 loannes
273 3611 424 3696 Sohlupf,
457 3610 572 3678 doctor
605 3611 794 3696 theologia,
828 3611 1039 3695 wolfgangus
1068 3609 1254 3678 Schwaruen·

99 3717 223 3785 stainer
261 3718 345 3804 juris
378 3717 547 3803 utriusque
582 3717 709 3797 doctor,
756 3717 899 3784 loannes
931 3716 1052 3785 Eckius
1090 3723 1201 3784 orator
1228 3717 1253 3779 et

675 3896 694 3938 t

172 4028 183 4074 1
204 4025 235 4074 In
248 4022 326 4074 molis
340 4061 345 4074 .
361 4037 483 4073 moseos
501 4020 544 4074 oin
557 4021 689 4090 wortspiel
709 4021 758 4073 mit
775 4021 884 4074 Moscho
895 4021 1001 4074 mollin.
1075 4028 1090 4075 2
1110 4023 1172 4093 Vgl.
1187 4027 1256 4074 unua

96 4111 151 4162 und
169 4112 237 4164 stad.
257 4112 281 4163 d.
301 4102 374 4162 hebr,
393 4126 445 4176 spr.
464 4126 485 4160 s.
508 4111 550 4172 50,
569 4113 612 4162 89.
685 4111 746 4162 38.
767 4110 834 4161 chon
852 4127 909 4162 nro.
929 4111 1006 4163 CLX.
1043 4096 1117 4165 llber
1141 4112 1182 4164 dic
1199 4108 1257 4161 iibri·

97 4214 148 4265 gen
160 4206 269 4251 mttnner
286 4200 321 4250 ist
339 4199 389 4248 mir
408 4196 482 4247 nicht
500 4197 553 4248 viel
570 4198 696 4250 bekannt.
733 4198 787 4248 Fiir
804 4196 866 4250 Joh.
883 4198 941 4251 Eck
959 4202 1063 4267 gentlgt
1089 4217 1130 4265 es,
1155 4199 1201 4251 sui
1220 4197 1256 4247 du

96 4287 167 4337 work
186 4305 238 4338 von
257 4286 430 4338 Wiedomann
449 4286 633 4353 (Rogonsburg
655 4288 735 4351 1865)
754 4303 787 4336 zu
806 4286 963 4350 verwoison3
982 4287 1050 4339 libor
1069 4289 1257 4340 Bartholcmtne

99 4373 178 4426 Cbsar
197 4377 250 4446 vgl.
270 4376 339 4426 stud.
359 4373 383 4425 d.
401 4373 474 4424 hebr.
493 4388 545 4442 spr.
564 4388 586 4424 s.
607 4376 639 4424 31
659 4374 705 4442 fg,
725 4376 759 4425 93
779 4374 814 4443 fg.
