2716 4898
661 263 727 330 288

104 456 233 520 mutare
247 453 335 539 quod
345 454 388 522 ad
397 453 588 522 Philoctetis
599 454 770 539 Sophoclei
784 456 980 522 sententiam
988 455 1140 542 proxime
1154 456 1268 527 accedit

474 561 494 634 ἥ
517 585 565 626 τοι
586 563 697 651 καίριος
721 552 837 635 σπουδὴ
859 562 952 628 πόνου

321 658 469 743 λήξαντος
491 667 582 731 ὕπνον
605 666 810 732 κάνάπαυλαν
833 668 982 759 ἤγαγεν.ι

118 777 121 783 ’
192 772 240 837 Ao
262 771 358 838 simul
379 771 415 838 id
437 773 471 838 id
495 772 648 857 quicquid
672 780 722 839 eet
745 772 832 859 quod
855 773 888 839 in
912 773 1086 840 Hebraicis
1110 795 1182 841 sum
1204 795 1265 841 cou-

103 881 236 943 secutus
264 883 353 945 certe
387 878 475 962 quod
516 880 759 963 comparatione
798 879 1060 947 doctissimorum
1089 879 1262 947 Judaeorun

104 982 188 1049 exile
218 984 350 1050 nimium
380 985 492 1070 judico
526 987 648 1051 amicos
684 985 792 1051 celare
829 1007 893 1052 non
928 1007 1073 1070 possum.
1127 985 1192 1052 Sed
1218 1007 1263 1070 per

103 1087 286 1156 libellorum
321 1090 497 1158 editionem
528 1092 615 1157 inter
645 1091 757 1157 avidos
788 1090 910 1157 sciendi
941 1111 1060 1177 spargo
1091 1091 1259 1176 discipulos,

103 1194 221 1279 quibus
242 1196 418 1281 aliquando
441 1219 519 1264 vera
541 1219 618 1281 erga
641 1220 691 1263 me
707 1197 875 1282 gratitudo
897 1196 972 1264 inde
988 1205 1158 1265 accrescet
1179 1219 1258 1284 quan·

103 1307 172 1367 tum
203 1323 277 1367 cum
309 1302 370 1370 deo
400 1301 470 1369 fieri
493 1305 616 1388 poterit
644 1303 829 1369 vindicandi
859 1302 933 1368 mei.
979 1302 1040 1369 Vel
1069 1303 1211 1385 etiamsi,
1231 1309 1256 1370 ut

102 1427 163 1490 per
173 1407 344 1491 epistolam
367 1410 552 1475 comminati
568 1415 644 1476 sunt
659 1408 769 1475 hostes
792 1410 865 1490 mei,
882 1414 958 1493 post
983 1429 1153 1476 excessum
1176 1408 1255 1475 evito

102 1511 188 1580 leoni
204 1515 353 1581 mortuo²
370 1514 507 1582 barbam
522 1515 652 1581 vellant.
683 1514 748 1581 Sed
757 1518 790 1580 in
806 1536 926 1600 aquam
949 1513 1017 1581 haec
1041 1515 1165 1601 scripta
1177 1512 1251 1581 sintl.

112 1648 116 1654 ·
189 1620 358 1706 Nusquam
389 1622 447 1687 viri
478 1621 554 1688 boni
583 1621 739 1688 honorem
777 1621 900 1701 minuo,
929 1620 1045 1705 procul
1068 1626 1140 1688 esto
1161 1642 1182 1687 a
1206 1639 1251 1685 ne.

102 1723 167 1793 Sed
182 1726 339 1812 malignos
362 1733 397 1792 et
418 1732 532 1811 putres
547 1726 830 1811 philosophastros
854 1728 975 1812 optimo
1007 1727 1084 1812 jure
1107 1733 1195 1806 noto,
1211 1721 1251 1809 qui

101 1832 134 1897 in
158 1853 251 1899 suum
273 1833 418 1917 ipsorum
441 1832 575 1899 exitium
598 1841 721 1900 temere
750 1839 927 1918 captantes
959 1832 1151 1916 capiuntur,
1177 1836 1206 1896 et
1225 1832 1251 1892 nt

101 1938 187 2004 alter
209 1939 372 2005 Perillus⁴
397 1939 460 2023 ipsi
483 1960 578 2024 quem
594 1939 701 2006 fecere
717 1946 847 2006 taurum
871 1961 944 2007 cum
967 1960 1085 2023 magno
1109 1958 1166 2004 suo
1186 1933 1250 2002 malo

102 2043 321 2128 experiuntur.
374 2044 582 2111 Gaudeamus
611 2045 710 2130 igitur
734 2045 896 2126 hilariter,
925 2044 1037 2125 beate,
1056 2041 1203 2130 jucunde,
1220 2037 1255 2105 ob

101 2148 221 2215 virtute
244 2156 371 2233 partam
396 2150 489 2216 nobis
513 2150 669 2235 gloriam,
700 2172 739 2218 ac
762 2151 826 2216 illis
860 2172 988 2237 quoque
1003 2149 1145 2235 posteris
1166 2151 1252 2234 grato

101 2254 206 2321 lemur
228 2262 362 2341 propter
385 2263 453 2323 tam
477 2264 664 2341 opportuna
679 2258 973 2324 sacratissimarum
989 2255 1160 2322 literarum
1181 2249 1252 2321 semi·

100 2363 193 2428 naria
221 2383 294 2448 quae
321 2362 458 2428 Adriani
488 2364 594 2430 nostri
624 2363 764 2448 jacimus
798 2362 987 2429 autoritate.
1037 2361 1112 2428 Non
1142 2357 1252 2427 dubium

100 2469 177 2554 quin
200 2468 249 2534 hae
272 2468 399 2535 radices
414 2491 479 2535 non
500 2469 596 2537 modo
619 2470 652 2535 in
673 2469 821 2536 surculos
842 2467 1018 2553 pullulent,
1041 2487 1153 2533 verum
1175 2464 1252 2532 etiam

97 2574 133 2640 in
163 2596 317 2660 proceras
347 2583 537 2643 excrescant
559 2576 668 2656 alnos,
706 2575 812 2661 sylvas
851 2581 884 2640 et
907 2573 1015 2655 lucos,
1037 2573 1073 2639 in
1095 2572 1207 2659 quibus
1224 2571 1251 2634 nt

99 2681 248 2765 Orpheus
275 2681 319 2748 ad
346 2683 505 2749 Ismarum
538 2688 571 2748 et
600 2681 778 2766 Rhodopen
812 2682 845 2746 in
876 2679 1030 2760 Thracia,
1063 2680 1110 2746 sic
1142 2669 1250 2746 nosad

95 2787 210 2873 jugum
231 2788 435 2874 Hercynium
461 2795 562 2874 atque
583 2789 729 2854 Bacenas
750 2789 783 2853 in
800 2785 930 2867 Suevia,
957 2785 1162 2870 Pythagoreo
1181 2798 1249 2850 more

99 2892 260 2960 citharam
270 2901 416 2962 nostram
431 2895 583 2962 docemus
600 2893 708 2960 divina
717 2893 930 2959 Hebraeorum
947 2891 1094 2958 carmina
1108 2905 1249 2964 resonare,

99 3020 237 3084 quorum
253 2999 498 3085 symphoniam⁵
518 3001 570 3067 hic
586 3001 817 3086 subjungimus.
848 2998 1056 3065 Diatonioum
1078 3003 1187 3065 antem
1199 3013 1249 3060 mo

102 3105 253 3173 delamen
263 3106 357 3174 nobis
369 3106 483 3174 attulit
500 3107 760 3175 Bossosthemius
775 3103 928 3172 sacerdos
936 3104 959 3171 ⁶.
975 3097 1250 3172 Harmoniamlecit

677 3292 694 3332 b

108 3447 111 3454 '
171 3450 180 3496 1
196 3442 245 3497 Ed.
259 3442 441 3496 Schneidewin
449 3442 503 3496 und
510 3441 603 3496 Nauck
617 3459 641 3495 v.
659 3444 719 3495 637.
735 3445 794 3496 688.
807 3437 862 3508 ἤτοι
877 3447 900 3493 1.
913 3439 935 3492 ν’
948 3435 1093 3493 detractas
1110 3445 1133 3494 l.
1165 3433 1252 3493 ansoni

97 3533 212 3602 mortuo]
237 3549 259 3586 s.
284 3550 308 3585 o.
337 3535 387 3585 den
413 3533 484 3585 briei
499 3533 642 3586 Reuehline
668 3548 701 3582 nn
721 3531 763 3583 die
789 3531 883 3583 Cblner
908 3530 1021 3583 lacultllt
1044 3533 1078 3582 29
1098 3529 1173 3583 Febr.
1192 3529 1253 3586 1512,

96 3637 118 3687 a.
141 3623 198 3673 166.
288 3625 303 3673 3
332 3622 386 3673 Das
406 3622 484 3674 dritte
516 3621 586 3673 buoh
614 3622 661 3671 hat
685 3621 764 3673 keine
791 3620 910 3682 vorrede;
937 3635 985 3671 nus
1012 3618 1072 3671 dem
1097 3618 1198 3671 schluse
1217 3615 1252 3666 der

96 3726 198 3785 ponzen
217 3711 290 3761 scien
309 3710 434 3777 folgende
453 3717 533 3762 worte
553 3709 722 3778 mitgetheilt.
796 3714 812 3760 4
832 3708 945 3760 Perillae
957 3707 1134 3772 =Perilaos,
1153 3707 1252 3760 deren·

94 3796 195 3867 giober,
213 3799 259 3850 der
271 3801 313 3851 lilr
326 3801 375 3851 den
390 3808 517 3866 tyrannen
528 3799 647 3851 Phalaris
661 3800 710 3851 den
724 3800 838 3850 ebernen
852 3799 917 3849 stier
931 3797 1092 3866 versertigte.
1166 3795 1253 3862 abym-

95 3887 229 3957 phoniam]
248 3889 291 3940 die
309 3888 484 3940 hebrttiscben
504 3888 650 3940 melodioen
674 3888 762 3954 folgen
782 3888 831 3938 anf
854 3887 904 3938 den
923 3889 939 3939 9
962 3886 1106 3954 folgenden
1125 3885 1205 3936 seiten
1221 3882 1254 3932 sor

95 3977 250 4044 Discentur,
272 3977 364 4042 Altus,
384 3978 483 4043 Tenos,
503 3978 611 4029 Bassus.
685 3979 700 4028 6
720 3975 934 4044 Bossosthenius]
953 3975 1022 4027 ohne
1040 3975 1144 4027 aweilel
1161 3974 1253 4026 «lobene

95 4067 295 4131 Bdschenstein,
313 4066 398 4120 dorin
412 4066 459 4118 der
477 4066 545 4119 oben
564 4081 619 4118 nro.
634 4065 792 4117 CLXXXVI
810 4063 1017 4116 beschriebenen
1029 4063 1155 4116 schriltB
1173 4063 1202 4113 11
1217 4074 1253 4127 ge·

94 4163 154 4221 eagt
172 4156 255 4211 hatte:
276 4156 323 4208 sed
342 4155 413 4207 dieta
432 4155 523 4206 ultime
541 4161 695 4221 punctorum
715 4153 756 4205 vol
776 4161 920 4220 temporum
943 4168 1042 4218 genere
1061 4150 1198 4203 musicalia
1214 4145 1253 4198 sci·

94 4244 157 4296 licet
175 4252 201 4296 et
218 4245 385 4298 uecentnalia
404 4260 456 4297 non
474 4243 508 4295 ad
525 4244 633 4312 ignaros
652 4242 699 4293 scd
717 4242 750 4293 ad
769 4244 867 4309 peritos
886 4242 964 4306 hujus
981 4241 1045 4292 artis
1063 4244 1201 4308 pertinent.
1221 4236 1254 4286 De

94 4336 190 4399 quibus
210 4335 444 4387 observandissimi
463 4339 634 4400 praeceptores
652 4333 704 4383 mei
723 4331 842 4382 Joannes
855 4316 984 4380 Reucblin
1003 4336 1029 4381 et
1044 4320 1145 4398 caspar
1157 4331 1253 4378 amman

93 4423 245 4494 propediem
263 4424 341 4496 plura
360 4430 386 4476 et
404 4423 513 4493 egregia
532 4421 653 4474 maditmi
671 4426 740 4485 sunt,
758 4417 855 4488 quibus
873 4432 977 4487 qnoque
996 4416 1111 4472 libenter
1124 4417 1173 4471 hec
1189 4416 1215 4467 in
1231 4424 1253 4466 re
