2716 4898
651 306 719 371 300

259 502 344 584 Ergo
366 522 425 583 age
449 508 483 566 et
505 499 642 565 hebreis
664 495 850 580 sanctisque
872 491 1024 559 incumbe
1048 489 1156 574 figuris

303 605 432 690 Optime
448 604 577 683 Celluri,
598 624 664 689 quo
687 603 807 668 doceas
829 598 921 663 alios.

190 712 239 777 Ex
254 710 595 794 Thermisllarcyniis
615 708 713 775 Galle
737 707 940 772 Bacenarum
964 704 994 771 X
1022 700 1150 768 kalend.
1176 700 1249 786 quiu-

99 816 209 882 titium
233 816 348 882 salutis
370 836 454 880 anno
478 815 669 882 mmmmm

87 948 90 955 '
187 941 591 1018 fflrucktr=1sagoglcon
614 941 650 1020 (s.
675 941 750 1001 oben
777 955 842 999 nro.
857 932 1041 1015 ΙΟΟΙΝΙΙῙ.)
1064 950 1082 994 a
1106 936 1151 996 δ’.

169 1247 235 1298 cerr.
616 1158 751 1227 ΟΜ
1015 1245 1049 1293 ra
1068 1240 1135 1292 uuna
1157 1240 1223 1290 ors.

172 1335 339 1411 Mutiuno
366 1334 463 1411 Rufo
490 1333 738 1412 amicissimo¹
767 1332 842 1438 [ὖο.
871 1324 1071 1431 Reuchlin]
1099 1355 1128 1402 s.
1158 1326 1190 1402 d.

186 1481 302 1561 Quidni
326 1483 429 1549 Rufe?
460 1484 509 1548 Tu
533 1504 583 1548 me
599 1482 730 1569 putabis
754 1480 895 1546 cruciari
917 1477 1001 1544 adeo
1026 1474 1252 1542 cucullatorum

95 1587 265 1669 morsibus,
286 1595 323 1654 ut
337 1588 414 1654 mihi
430 1610 492 1654 non
508 1588 655 1653 duxerim
679 1584 910 1670 indulgendum
926 1584 1031 1669 genio.
1065 1581 1163 1648 (lerte
1179 1577 1255 1644 Chri-

96 1692 314 1777 stophorum²
335 1693 421 1759 hunc
444 1702 588 1759 nostrum
613 1693 729 1759 harum
746 1699 959 1769 ostensorem,
982 1709 1063 1774 roga
1084 1685 1163 1773 quid
1185 1705 1255 1750 nunc

94 1797 212 1863 iaciam
239 1799 271 1863 in
296 1797 457 1865 Harciniis
487 1798 637 1883 seopulis,
667 1799 700 1862 in
724 1796 861 1862 Bacenis
891 1795 978 1859 iuter
1011 1788 1255 1876 Hamadryadas,

95 1900 137 1966 ad
161 1900 247 1968 latus
270 1902 435 1987 Najadis⁸
457 1904 609 1987 speciose>
634 1923 801 1969 versamur
832 1900 924 1966 obliti
949 1897 1100 1984 picarum
1124 1896 1254 1982 injurias.

96 2006 290 2073 Balneamur
324 2010 356 2073 in
388 2008 525 2092 publicis
563 2008 716 2085 thermis,
756 2006 935 2071 deserimus
978 2002 1094 2069 literas
1128 2001 1184 2068 sed
1206 2021 1256 2065 non

96 2109 340 2196 philosophiam.
364 2113 445 2180 Cum
468 2115 597 2179 virtutis
614 2112 732 2179 decoro
756 2110 893 2177 affamur
912 2107 1117 2194 juvenculas,
1142 2105 1256 2193 quando

96 2215 295 2283 thermarum
319 2219 370 2284 hic
393 2239 462 2285 mos
486 2226 545 2284 est.
579 2217 630 2283 Nil
654 2219 851 2282 intentatum
874 2214 978 2280 nostri
1002 2213 1137 2298 liquere
1156 2218 1255 2297 poete,

96 2342 155 2386 nec
182 2343 240 2388 nos
267 2322 450 2408 linquimus.
496 2322 683 2389 Gaudernus
720 2343 793 2388 cum
823 2318 1030 2403 gaudendum
1067 2325 1142 2399 est,
1172 2317 1254 2385 etiam

86 2427 216 2509 mgroti.
261 2428 339 2493 Haec
379 2428 444 2494 tihi'
475 2427 659 2494 recensebit
690 2424 957 2509 Christoplrorus,
994 2425 1051 2510 qui
1087 2423 1254 2491 studiorum

94 2527 205 2596 amore
220 2531 398 2614 perculsus,
422 2531 463 2598 de
485 2533 658 2617 longinquo
676 2554 733 2598 nos
757 2530 897 2597 accessit
919 2550 995 2596 cum
1019 2529 1148 2616 collega
1171 2537 1202 2595 et
1215 2527 1254 2593 iti·

94 2635 180 2700 neris
200 2636 317 2702 comite
333 2636 474 2703 Iohanne
491 2636 629 2703 Cellario
646 2636 915 2721 Gnostopolitano
923 2635 946 2716 ⁴,
965 2635 1128 2701 honarum
1149 2635 1254 2701 artium

94 2738 190 2804 simili
213 2741 347 2806 cultore:
371 2748 404 2807 et
426 2743 458 2807 in
482 2742 561 2826 ipsis
577 2743 712 2807 Bacenis
735 2764 795 2808 nos
818 2742 979 2836 convenit,
1003 2761 1079 2807 curn
1097 2742 1182 2807 dorni
1204 2760 1254 2805 non

94 2852 213 2927 posset.
260 2847 341 2912 Ennr
373 2847 432 2913 tihi
463 2847 661 2927 commendo,
692 2855 729 2914 ut
762 2847 968 2914 contubernii
1003 2847 1161 2913 litterarii
1193 2866 1255 2913 con·

95 2948 252 3031 scriptum
268 2950 425 3017 cultorem
437 2957 471 3017 et
486 2952 750 3019 neacadamicmm
762 2953 931 3040 sapientiae
946 2957 1132 3019 amatorem
1150 2950 1172 3017 ⁶.
1195 2948 1255 3017 Bal·

98 3073 232 3118 nearum
261 3063 390 3121 coartat
412 3057 459 3122 vis
483 3056 636 3140 digitulos
653 3059 675 3137 ⁸,
691 3080 751 3123 nec
774 3058 864 3124 ultra
887 3057 1015 3124 calamo
1040 3058 1165 3125 servire
1187 3055 1256 3143 pati·

95 3163 157 3220 tur.
204 3158 309 3237 erare
332 3160 430 3244 paulo
453 3170 528 3244 post
551 3184 624 3227 cum
646 3163 780 3228 dabitur
803 3164 931 3229 occasio
960 3162 1005 3229 ad
1030 3172 1064 3229 te
1090 3146 1257 3231 scribemus

94 3260 202 3328 latius.
248 3264 488 3332 Illustrissimus
515 3289 619 3350 nuper
641 3269 828 3335 Fridericus
856 3269 924 3334 dux
947 3275 1059 3335 vester
1082 3269 1127 3334 ad
1151 3267 1257 3334 mosbi-

670 3414 686 3450 *

168 3499 179 3543 l
200 3496 285 3549 Amic.
304 3498 404 3567 ausgel.
425 3504 449 3550 2.
468 3499 511 3551 dc.
534 3502 561 3551 R.
582 3501 628 3552 Ph.
642 3501 816 3569 hinaugeillgt
830 3507 859 3566 ²5
879 3521 901 3555 s.
922 3510 947 3556 t.
1024 3511 1039 3558 2
1061 3507 1258 3575 Christophornr

93 3581 192 3644 llucuu,
212 3586 260 3635 mir
284 3603 333 3637 nur
351 3587 432 3638 durch
458 3588 530 3638 disse
549 3588 726 3657 srwlthnung,
747 3592 795 3640 wie
814 3608 863 3642 aus
882 3594 989 3659 einigen
1011 3595 1039 3645 in
1058 3596 1108 3647 der
1129 3605 1207 3647 nutem
1225 3610 1260 3645 an·

92 3667 230 3730 getrrnrten
251 3675 399 3741 summlung
419 3675 517 3727 diesem
536 3676 620 3726 briete
639 3679 865 3728 voranstehcndcm
886 3681 939 3730 und
962 3681 1110 3749 folgenden
1130 3683 1259 3751 godichtrn

92 3752 145 3801 und
165 3754 263 3810 briefen
284 3762 329 3813 des
348 3764 469 3814 Eurioins
490 3762 596 3825 Cordus,
616 3764 707 3814 bloban
721 3765 805 3816 Hcsse
824 3766 879 3817 und
898 3768 1025 3833 Huttens,
1045 3771 1173 3823 letuteres
1193 3771 1260 3838 ehge-

94 3838 187 3892 drucht
206 3846 232 3893 in
254 3849 360 3900 llutreni
380 3868 466 3917 opera,
486 3851 526 3902 ed.
548 3848 667 3918 Btcliing
685 3853 711 3915 1,
730 3869 750 3903 s.
776 3856 835 3916 239,
854 3854 980 3908 bekannt.
1000 3859 1195 3911 .Oarnerartrrs
1213 3874 1260 3909 ner·

92 3927 159 3975 ratic
185 3930 215 3980 de
236 3935 344 3987 motans
365 3940 450 3989 Hesso
477 3946 563 3989 meunt
583 3940 628 3989 ihn
655 3952 731 3989 nnrcr
753 3940 807 3990 den
834 3942 962 3994 freonden
990 3946 1103 3999 Ecbans
1131 3948 1185 3999 nnd
1211 3953 1260 4012 sagi

93 4025 143 4059 von
164 4014 216 4067 ihm
237 4021 268 4083 (B
288 4024 328 4087 gu)
348 4027 390 4090 qui
406 4027 515 4077 medicis
530 4027 689 4078 carminibus
710 4028 838 4080 iaciendis
853 4033 997 4096 prestabat
1020 4036 1174 4101 aequulihus
1189 4037 1261 4087 omni·

93 4094 150 4147 hus.
196 4103 420 4165 Wuhrsoheinliclr
448 4131 479 4164 un
509 4115 651 4165 denselbcn
679 4115 794 4166 schreibt
816 4116 1007 4171 Melanchthon
1032 4123 1151 4191 (roser)
1177 4138 1262 4191 corpur

93 4182 289 4245 reformatorum
314 4198 366 4260 Ill,
393 4201 444 4252 col.
471 4205 522 4253 483
544 4218 583 4267 sq.
610 4219 664 4254 nro.
687 4207 762 4255 1647.
836 4206 966 4258 susidis
984 4214 1010 4259 2.
1087 4213 1184 4281 rugi,
1204 4214 1262 4264 oben

94 4280 149 4316 nro.
180 4272 308 4331 chvm
334 4286 386 4336 und
413 4288 526 4341 chIX.
570 4290 760 4357 Gnospoliluno
791 4299 812 4344 l.
857 4295 912 4345 llas
941 4307 1009 4351 mort
1042 4301 1219 4373 suegelauen
1242 4304 1262 4353 ²·

94 4351 110 4397 t
133 4352 165 4403 Et
177 4391 182 4404 .
194 4392 201 4408 .
215 4373 291 4415 armet.
311 4373 411 4442 ansgel.
426 4380 450 4432 2.
523 4379 538 4435 6
559 4377 693 4437 Attieulot
708 4383 731 4438 l·
