2716 4898
650 298 715 365 259

88 486 285 571 Renehline,
315 490 419 556 literis
450 488 512 556 tibi
542 491 665 574 gratias
698 508 794 571 agere
825 508 885 571 pro
916 487 1028 555 codiee
1047 491 1075 569 ¹,
1115 488 1177 555 hoc
1211 493 1263 556 est

88 594 214 661 deliciis
237 594 314 674 tuis,
338 592 433 660 nobis
457 595 660 661 commodato
684 594 800 671 missis,
824 593 883 658 sed
906 594 1085 660 Frobenius
1108 594 1140 659 in
1164 614 1264 660 causa

88 701 164 781 fuit,
199 700 255 784 qui
278 721 331 765 me
363 721 425 764 non
449 701 617 766 admonito
641 700 759 765 librum
784 700 964 765 remiserat.
1012 701 1141 766 Narniae
1174 721 1263 766 meas

88 812 146 872 tuo
182 804 244 871 hoo
280 811 331 870 est
369 805 547 870 doctissimi
582 806 759 888 optimique
796 805 858 868 viri
892 805 1017 870 calculo
1056 805 1263 890 comprobari

88 911 299 977 vehementer
321 908 456 993 gaudeo.
503 909 673 991 Caeterum,
697 910 784 993 quod
808 916 865 975 tua
881 932 946 993 prae
969 912 1051 978 meis
1074 912 1262 991 contemnis,

88 1038 148 1100 age
171 1037 214 1081 ne
236 1015 332 1080 nimis
355 1015 468 1094 amice,
492 1022 526 1080 et
552 1016 697 1080 modeste
720 1014 794 1098 pius
825 1016 913 1081 satie.
960 1017 1002 1080 Et
1024 1016 1261 1081 infoelicitatem

88 1127 181 1186 tuam
214 1119 388 1204 deploras?
425 1121 481 1205 qui
513 1120 710 1186 ioeiicissimo
742 1120 796 1186 iilo
830 1120 939 1186 seculo
972 1121 1091 1188 videris
1123 1121 1261 1203 Italiam,

87 1225 227 1292 florente
250 1225 401 1308 Agricola
418 1225 447 1304 ²,
470 1224 650 1304 Politiano,
675 1225 858 1304 Hermolao,
886 1226 971 1307 Pico,
995 1226 1047 1293 cui
1070 1232 1138 1292 tam
1161 1227 1260 1306 varia,

88 1337 213 1417 ianque
236 1330 404 1397 recondita
427 1330 602 1414 contigerit
626 1331 776 1410 eruditio,
800 1332 855 1416 qni
871 1339 921 1397 tot
944 1333 1159 1399 summatibus
1182 1332 1259 1398 viris

88 1444 187 1503 notus
210 1457 249 1502 ao
271 1435 440 1502 familiaris
463 1436 584 1517 fueris,
614 1438 668 1521 qui
700 1458 783 1501 nunc
807 1458 936 1521 qnoque
965 1439 1095 1523 optimis
1124 1460 1163 1503 ao
1186 1438 1261 1503 doe-

88 1543 224 1610 tissimis
248 1542 430 1626 quibusque
467 1543 513 1608 sic
537 1543 654 1609 charus
678 1543 722 1607 sis
754 1550 788 1607 et
819 1542 1007 1622 adamatus,
1037 1550 1091 1624 ut,
1115 1545 1143 1609 si
1165 1552 1262 1627 pater

89 1671 193 1728 esses,
226 1648 374 1714 omnibus
397 1649 540 1713 intimius
574 1649 691 1713 charus
727 1668 883 1713 essenon
917 1649 1032 1731 possis.
1079 1649 1204 1714 Adorat
1227 1657 1260 1714 te

90 1754 326 1840 propemodum
362 1754 532 1838 episeopus
563 1752 734 1831 Roffensis,
770 1753 882 1818 ioanni
911 1752 1024 1818 Coieto
1054 1774 1183 1818 sacrum
1211 1759 1263 1820 eet

88 1867 182 1927 tuum
205 1880 333 1926 nomen.
380 1859 473 1936 Quod
496 1860 530 1923 ni
552 1860 703 1925 minister
725 1859 928 1942 perdidisset.
944 1858 1115 1943 epistolam
1138 1858 1260 1937 tuam⁸‚

88 1966 229 2032 haberet
252 1984 324 2032 eam
353 1970 390 2030 ut
413 1965 523 2049 ajebat
545 1966 634 2031 inter
667 1986 777 2030 sacras
817 1964 980 2049 reliquias.
1027 1965 1140 2049 Nuper
1166 1964 1260 2030 invisi

85 2071 322 2138 monasterium
351 2077 578 2154 pervetustum
602 2070 859 2136 cartusiensium
886 2070 974 2156 apud
1002 2071 1156 2138 Sanctum
1180 2071 1263 2137 Ode·

89 2199 216 2243 marum
234 2177 370 2243 Artesiae
398 2176 567 2261 oppidum.
615 2178 693 2261 Ejus
716 2176 779 2242 loci
795 2177 914 2242 Prior⁴
937 2199 955 2242 e
978 2178 1043 2243 tuis
1066 2176 1158 2242 libris
1182 2179 1262 2243 mire

87 2282 202 2350 literas
226 2281 396 2347 hebraicas
419 2288 589 2347 assecutus
621 2289 686 2361 est,
718 2282 805 2347 nulio
837 2289 1055 2366 preceptore,
1090 2283 1149 2347 tibi
1182 2303 1260 2348 vero

87 2389 130 2454 sie
162 2387 314 2468 deditus,
345 2393 383 2452 ut
412 2409 527 2453 nomen
558 2388 657 2452 etiam
688 2389 793 2471 ipsum
829 2393 1012 2453 veneretur.
1068 2388 1146 2451 Erat
1176 2386 1261 2453 forte

86 2493 174 2580 apud
198 2514 250 2559 me
274 2493 423 2578 quaedam
447 2493 586 2578 epistola
608 2499 676 2572 tua,
701 2515 797 2580 quarn
815 2494 871 2558 ubi
896 2493 996 2558 sensit
1019 2499 1077 2558 tua
1100 2492 1258 2575 scriptum

86 2621 196 2679 mann,
221 2599 337 2664 obnixe
361 2599 506 2693 rogavit,
521 2605 558 2664 ut
580 2599 668 2683 apud
685 2621 719 2665 se
743 2599 970 2684 relinquerem,
994 2619 1066 2664 eam
1084 2597 1260 2663 identidem

84 2705 291 2774 exosculans.

177 2810 251 2877 Non
274 2810 371 2895 pauci
394 2817 485 2891 sunt,
515 2811 559 2876 mi
582 2812 772 2891 Renchiine,
801 2811 862 2877 hoc
892 2811 925 2874 in
948 2817 981 2876 te
1005 2811 1121 2876 auimo.
1168 2808 1263 2888 Quod

82 2923 146 2984 tua
170 2917 292 2982 virtute
317 2924 490 2982 contentus
515 2919 650 3002 negligis
674 2918 839 2984 hominum
862 2916 1130 2996 malevolentiam,
1154 2915 1261 2981 iaud0.

83 3022 165 3109 Ipsa
196 3023 301 3088 virtus
342 3022 471 3088 abunde
510 3044 661 3106 magnum
700 3024 748 3089 tui
785 3024 963 3107 praemium.
1009 3024 1052 3088 Et
1086 3023 1113 3088 si
1148 3041 1262 3106 parum

84 3129 238 3215 agnoscit
268 3128 336 3194 haec
373 3135 471 3208 atas,
509 3135 663 3212 agnoscet
686 3131 891 3213 posteritas,
931 3130 1069 3213 denique
1109 3132 1263 3211 agnoscet

85 3236 257 3315 Christus,
281 3235 334 3300 cui
356 3234 405 3300 tui
433 3235 576 3300 militant
598 3234 737 3300 labores.
784 3235 895 3300 Scribe
924 3235 975 3299 vei
1003 3235 1116 3317 paucis
1140 3232 1263 3312 Coleto,

86 3341 116 3407 is
136 3341 206 3425 jam
235 3361 334 3407 senex
363 3347 523 3424 graecatur
539 3338 560 3404 ⁵.
607 3339 764 3406 Roffeneie
791 3342 889 3406 etiam
912 3340 1071 3424 processit
1102 3336 1262 3402 foeiiciter.

671 3510 688 3549 g
779 3522 784 3526 ,

169 3621 181 3668 1
203 3615 312 3684 Codice]
326 3616 466 3668 lrsndsohr.
485 3616 531 3667 des
544 3594 576 3668 N.
590 3619 639 3668 Ἠ
659 3634 680 3668 s.
700 3635 729 3668 o.·
743 3617 814 3668 briei
824 3615 975 3676 Reuehlins,
989 3616 1057 3680 Aug.
1075 3615 1150 3676 1514,
1169 3629 1189 3664 s.
1205 3613 1265 3676 225,
1317 3614 1322 3627 '

91 3721 114 3756 s.
128 3709 152 3756 2.
192 3710 207 3756 2
223 3707 279 3755 Des
293 3689 418 3771 Agricola
430 3706 476 3756 bet
489 3705 620 3756 Reueirlin
633 3705 789 3756 schwerlieir
804 3706 829 3753 iu
843 3703 937 3755 italien
951 3703 1060 3769 gesebn.
1097 3705 1112 3751 3
1127 3702 1201 3752 Aueb
1216 3716 1265 3750 une

91 3795 127 3844 ist
145 3794 188 3843 eiu
208 3809 241 3843 sn
256 3793 331 3844 Celet
352 3793 513 3860 gericlrteter
527 3793 598 3844 brief
607 3794 752 3844 Reuclriins
764 3794 838 3843 nicht
851 3792 978 3843 erbalten.
1051 3796 1066 3840 4
1081 3790 1164 3857 Prior]
1184 3791 1267 3840 waltr-

91 3881 241 3934 seheinlieh
258 3883 377 3933 Jonnnes
397 3884 506 3945 Quonus
532 3898 553 3932 s.
573 3899 597 3933 o.
624 3900 645 3933 s.
666 3885 725 3944 223,
745 3898 767 3932 a.
790 3887 813 3931 2.
869 3881 933 3931 bin
954 3880 1011 3930 dem
1031 3878 1195 3928 verzeiehuie
1221 3879 1266 3928 der

92 3970 292 4023 Reuehlinisten
318 3971 344 4020 in
370 3971 501 4036 lingisnd,
528 3965 628 4021 dss'in
655 3971 705 4021 den
736 3986 794 4036 epp.
819 3969 859 4019 ill.
886 3969 934 4019 vir.
956 3985 980 4019 a.
1000 3984 1024 4019 a.
1045 3985 1069 4019 o.
1092 3967 1150 4016 sich
1176 3965 1265 4028 findet,

92 4056 166 4110 beibt
185 4075 214 4110 es
231 4059 311 4110 noeb:
333 4074 424 4110 omnes
447 4060 535 4110 sciunt
547 4075 633 4125 grace
652 4066 762 4125 excepto
777 4058 877 4108 Coieto.
913 4057 969 4107 Das
983 4056 1147 4107 verueiehnis
1166 4054 1267 4106 euthitit

92 4144 175 4198 suber
193 4147 284 4198 Coletz
303 4148 339 4198 M.
359 4146 520 4197 tluiiielrnus
539 4149 669 4200 Groeinus
689 4147 842 4212 theologus,
862 4146 977 4197 Thomas
998 4145 1128 4196 Linacrue
1148 4143 1268 4194 medicus

91 4236 191 4302 regins.
229 4233 372 4287 cutbertus
395 4236 549 4287 Dunstanus
564 4235 770 4301 jureconsultus,
791 4233 982 4300 archiepiscopi
998 4231 1266 4282 cantuariensiscan·

92 4323 227 4383 cellerius.
264 4323 424 4387 Guilielmus
445 4325 598 4375 Lutamcrus
627 4323 774 4389 theologus.
813 4323 928 4373 Thomas
958 4322 1047 4370 Morus
1075 4319 1267 4370 Loudonieusis

89 4411 173 4479 judex
191 4418 217 4464 et
237 4412 381 4464 advocatus
401 4412 600 4465 disertissimus.
640 4412 757 4462 Andreas
777 4411 936 4462 Ammonius
960 4408 1116 4461 secretarius
1140 4409 1268 4460 Lucensis

992 4485 1057 4543 ll'l
