2716 4898
630 287 693 353 171

73 501 121 546 ne
146 479 283 546 beatum
310 477 508 556 existimavi,
541 477 640 543 etiam
668 475 800 545 oraculo
823 475 986 555 veritatis,
1011 475 1098 562 quod
1121 473 1242 540 malum

73 586 111 652 le
143 607 197 650 me
229 584 381 651 dixerunt
411 584 615 649 mentientes.
662 584 744 648 Nam
768 581 872 648 multa
896 603 1049 666 generose
1073 580 1242 647 ferendum

73 697 121 773 est
137 691 226 758 bono
242 691 310 756 viro
327 690 384 775 qui
407 712 441 756 se
458 690 581 756 mavult
597 690 715 756 vixisse
732 710 829 774 quam
845 688 997 772 spirasse.
1046 686 1138 753 Unde
1155 684 1242 772 quod

73 797 151 862 mihi
182 796 304 861 malum
334 796 450 862 scribis
474 796 735 861 Climactericum
769 815 840 860 esse
865 794 1038 872 minatum,
1070 792 1103 857 id
1127 814 1185 876 ego
1208 792 1241 856 in

73 908 202 988 partem
226 900 405 968 foelicitatis
427 922 557 985 repono,
581 922 640 966 nec
663 901 753 966 illum
778 899 872 964 famae
891 900 1055 983 jacturam
1078 898 1159 977 volo,
1183 897 1242 962 sed

73 1009 185 1094 gloriae
206 1007 461 1092 perpetuitatem
484 1007 667 1091 praesagire.
715 1006 850 1085 Qrvaudo
867 1005 952 1070 enim
968 1003 1241 1071 incendiariorum

73 1120 188 1181 contra
210 1134 261 1179 me
284 1112 411 1179 famosa
433 1113 630 1179 machinatio
654 1113 752 1196 coepit
776 1112 858 1178 scire
882 1111 969 1177 licet.

159 1221 254 1285 Auno
278 1219 384 1284 aetatis
407 1240 488 1284 meae
511 1217 778 1303 quiuquagesimo
803 1218 915 1302 quinto
939 1224 1016 1282 tunc
1040 1221 1160 1301 praesto
1183 1215 1241 1280 ed·

73 1331 144 1391 erat
160 1324 378 1392 Climacterici
395 1327 405 1363 ¹
429 1345 451 1389 a
474 1323 576 1389 natali
590 1345 663 1389 meo
680 1324 735 1408 qui
751 1323 813 1388 fuit
829 1323 950 1389 Christi
969 1328 1053 1388 1455
1071 1323 1104 1387 in
1120 1343 1239 1387 anuum

73 1437 160 1496 1510
190 1430 352 1496 revolutio
383 1430 559 1515 ejusmodi,
598 1431 690 1514 cujus
712 1428 866 1513 figuram,
900 1430 977 1513 quia
1009 1428 1236 1513 philosophum

73 1544 102 1603 te
126 1536 309 1622 perfectum
332 1541 366 1601 et
389 1557 452 1600 non
475 1534 636 1600 trivialem
660 1555 808 1618 agnosco,
832 1534 884 1599 hic
908 1534 969 1599 tibi
992 1533 1136 1617 ascripsi.
1176 1533 1241 1598 Ubi

72 1642 252 1727 conspicies
269 1642 444 1708 Saturnum
469 1647 594 1725 septem
618 1640 835 1719 fortitudines,
860 1640 999 1705 hiantem
1015 1643 1088 1704 octo
1105 1637 1237 1717 hahere,

72 1749 128 1814 sed
152 1749 265 1814 Jovem
297 1748 352 1832 qui
375 1746 484 1812 Zedek
514 1746 667 1812 hebraice
698 1748 883 1812 nominatur
906 1745 940 1811 id
963 1751 1014 1810 est
1032 1745 1156 1828 justus,
1180 1743 1241 1808 mi-

72 1876 184 1920 norem
212 1854 252 1919 iis
286 1874 419 1920 esseae
443 1854 544 1918 ternis
578 1853 682 1919 solum
714 1851 836 1917 viribus
870 1851 1003 1936 pollere.
1050 1849 1135 1915 Audi
1157 1871 1241 1916 nuuc

72 1958 314 2044 Hierophantas
340 1965 373 2025 et
393 1959 626 2044 praesagiorum
646 1964 737 2024 vates
754 1959 898 2023 Boeotus
915 1957 954 2023 de
971 1955 1240 2023 revolutionibus:

72 2087 143 2133 num
168 2065 341 2145 Saturnus,
372 2065 420 2130 ait
465 2065 498 2130 in
527 2065 625 2130 tertia
649 2064 744 2130 domo
767 2063 866 2129 fuerit
887 2063 1052 2142 inventus,
1079 2060 1242 2146 signifieat

72 2172 183 2238 rixas²
208 2178 241 2236 et
264 2170 443 2237 discordias
459 2176 614 2237 venturas
636 2171 710 2255 plus
734 2170 840 2236 solito.
886 2170 1044 2235 Firminus
1067 2169 1128 2234 ita:
1152 2169 1242 2234 Mars

72 2278 102 2344 in
133 2283 253 2363 quarto
276 2277 348 2343 loco
371 2277 470 2342 faciet
493 2299 548 2344 eos
572 2277 640 2343 siue
664 2277 770 2361 gratia
791 2282 948 2360 praestare
973 2275 1059 2360 quod
1082 2274 1241 2342 dederint.

72 2383 156 2450 Nem
189 2384 372 2467 quicunque
396 2383 520 2468 aliquid
543 2382 586 2448 ab
609 2383 689 2467 ipsis
711 2381 811 2448 inerit
834 2388 1062 2466 consequutus,
1094 2383 1240 2467 ingratus

71 2490 133 2567 illia
157 2510 286 2574 semper
309 2487 429 2554 existit.
477 2489 601 2554 Deinde
634 2490 662 2554 si
686 2489 774 2553 Mars
797 2488 951 2554 fueritin
977 2488 1151 2572 Scorpione
1174 2488 1243 2573 qui-

72 2617 211 2681 cumque
234 2616 307 2660 cum
332 2594 379 2660 sie
401 2593 577 2660 habuerint
600 2594 746 2660 homines
771 2601 867 2660 eruut
890 2594 944 2678 qui
969 2593 1118 2658 omuibus
1145 2592 1241 2659 facile

72 2702 208 2768 inimicis
231 2701 298 2766 suis
315 2700 528 2782 dominentur,
553 2707 648 2766 erunt
669 2721 798 2785 quoque
816 2700 878 2764 alti
893 2699 1030 2765 nominis
1047 2699 1241 2785 optimaeque

72 2808 197 2874 iamae“.
244 2806 337 2886 Quod
360 2806 412 2871 hic
436 2807 631 2892 cuspiniane
656 2807 777 2886 cernis,
801 2827 875 2871 cum
904 2811 981 2870 aute
1010 2811 1128 2870 caetera
1151 2806 1241 2872 Mars

72 2913 215 2998 gaudeat
245 2913 424 2997 scorpione.
470 2915 518 2979 De
541 2914 621 2979 Jove
656 2919 766 2978 nutem
801 2913 966 2977 Bouatus:
1007 2912 1111 2996 „quod
1146 2912 1173 2978 si
1208 2913 1241 2977 iu

71 3020 183 3104 quinto
208 3016 351 3099 habitet,
374 3018 489 3085 fientes
519 3019 663 3085 honestae
696 3040 766 3103 quae
798 3022 964 3083 merentur
987 3017 1152 3084 landem“.
1198 3019 1242 3084 Et

71 3125 227 3191 Firmicus
252 3145 394 3209 quoque:
430 3125 578 3209 „Jupiter
608 3125 642 3189 in
673 3125 786 3209 quinto
816 3145 933 3208 magna
956 3123 1161 3191 foelicitatum
1185 3145 1242 3208 ag-

71 3235 180 3296 menta
208 3230 386 3296 decernit“.
431 3231 543 3296 Habes
573 3252 614 3295 ex
642 3230 749 3314 adytis
773 3250 930 3313 responsa
954 3230 1071 3314 quibus
1094 3229 1240 3296 arbitror

71 3336 240 3402 innostra
263 3356 376 3415 causa,
407 3356 480 3401 cum
508 3336 620 3402 videas
643 3334 780 3420 figurem
803 3334 892 3416 coeli,
925 3334 1003 3399 nihil
1027 3355 1098 3400 esse
1122 3335 1239 3401 verius.

71 3441 159 3508 Adde
183 3446 260 3526 post
290 3445 416 3506 naturae
445 3447 568 3522 motus,
599 3442 698 3508 etiam
726 3462 851 3507 morum
881 3438 1099 3505 conditionem
1124 3446 1156 3506 et
1179 3440 1241 3505 vir·

71 3554 178 3616 tutum
214 3547 531 3632 quantuluscumque
566 3548 643 3629 sim,
669 3549 739 3632 jam
770 3548 854 3612 enim
890 3545 1096 3611 familiariter
1133 3550 1241 3611 tecum

71 3657 193 3741 loquor,
211 3654 375 3739 jungeque
402 3654 620 3720 innocentiam
643 3675 766 3735 meam,
796 3652 842 3719 sic
866 3652 961 3718 facile
986 3651 1149 3738 judicabis
1171 3653 1240 3719 viro

644 3802 659 3837 *

143 3895 153 3939 l
177 3889 256 3939 Sonat
271 3887 334 3939 wind
349 3889 377 3954 je
396 3888 443 3940 das
461 3888 579 3940 aiebeute
593 3889 654 3953 jahr
672 3889 711 3940 als
729 3904 813 3938 annun
833 3889 1027 3940 climactericos
1044 3904 1242 3956 augenommen,

71 3979 123 4030 bier
142 3979 179 4027 ist
198 3993 226 4028 es
246 3978 390 4044 dusjenige,
410 3977 457 4030 das
476 3981 502 4029 in
522 3979 609 4028 seincv
621 3993 720 4029 summe
739 3978 785 4028 der
799 3977 857 4028 zahl
877 3978 923 4028 des
936 3977 1131 4044 gebnrtsjabrea
1151 3977 1242 4044 gleich

71 4069 108 4118 ist.
149 4066 200 4115 Die
226 4064 374 4132 zeicbnung
391 4068 425 4116 ist
449 4066 508 4116 devn
534 4066 617 4116 bricia
644 4067 718 4116 nicht
740 4067 885 4132 beigeliigt.
960 4071 974 4116 2
996 4067 1117 4116 Gemeiut
1140 4067 1174 4117 ist
1195 4066 1242 4117 dua

71 4154 137 4204 vverk
157 4153 310 4204 Matheseos
332 4153 395 4203 libri
416 4155 476 4204 Vlll
497 4155 552 4216 dns,
578 4171 628 4204 von
649 4156 738 4206 Julius
756 4155 886 4204 Firvnicus
906 4155 1053 4218 Maternus,
1079 4161 1156 4204 nnter
1174 4154 1242 4206 Con-

71 4243 165 4294 stantia
191 4240 250 4291 dem
270 4237 378 4305 gredau,
397 4242 533 4294 vielleicht
551 4243 619 4293 uach
639 4244 733 4295 dessen
753 4245 813 4293 tede
833 4245 884 4293 336
904 4243 1025 4305 verfasst,
1044 4250 1130 4293 anerst
1151 4243 1241 4296 Venet.

71 4333 134 4380 1497
155 4328 201 4379 fol.
223 4329 344 4378 erscbien
365 4330 417 4379 und
441 4336 530 4395 apator
554 4331 644 4398 haufig
668 4332 803 4399 ausgelegt
826 4331 928 4395 nunde,
952 4332 1025 4382 mehr
1050 4332 1243 4404 astrologische

71 4416 256 4488 gegenstttnde,
275 4417 315 4468 als
335 4417 377 4469 die
395 4419 628 4481 mathematiscbeu¹
650 4421 751 4484 Lehren
770 4421 920 4481 bebandelt.
