2790 4882
612 286 677 352 319

55 474 275 560 tranquilliori
305 475 412 541 animo
445 473 670 558 philosophari
717 495 845 560 queam.
892 474 988 560 Apud
1026 495 1085 541 nos
1113 479 1246 558 regnat·

54 580 168 664 pestis,
202 587 317 665 regnat
345 580 591 646 victoriosorum
618 580 770 657 vindicta,
794 585 915 662 regnat
949 580 1083 658 invidia,
1111 585 1227 663 regnat

55 686 213 752 bonorum
237 686 414 771 oppressio,
438 690 551 767 regnat
565 686 742 764 concussio,
753 685 921 769 praecessit
943 683 1047 751 fames
1065 686 1086 763 ¹,
1114 704 1230 768 sequu-

55 796 111 856 tus
134 797 185 857 est
207 791 350 875 gladius3
374 789 537 856 concludit
569 790 765 874 pestilentia.
799 789 956 874 Quodque
980 791 1086 874 majus
1109 789 1230 855 malum

56 903 116 977 est,
139 897 280 963 factione
310 895 439 962 laborat
466 900 538 961 tota
566 895 635 962 sere
665 901 779 963 nostra
809 903 908 975 terra,
932 895 1138 979 cumplures
1162 895 1228 961 sint

56 1002 113 1087 qui
136 1023 199 1068 aere
223 1002 329 1068 alieno
354 1007 387 1067 et
409 1007 602 1086 paupertate
626 1005 825 1086 premantur,
850 1022 948 1086 quam
981 1001 1037 1086 qui
1060 999 1227 1068 abundent

55 1107 203 1189 pecunia,
229 1113 263 1172 et
285 1106 371 1191 vulgi
387 1106 431 1171 eit
446 1106 599 1184 studium,
624 1105 765 1191 praedari
787 1128 826 1172 ac
853 1107 988 1194 diyitum
1012 1106 1230 1172 substantiam

58 1231 185 1294 rapere,
200 1211 300 1294 ,cujus
316 1217 472 1291 autorem,
496 1211 568 1296 pari
592 1209 763 1278 affectione
785 1211 969 1297 praeditum,
994 1211 1109 1278 ducem
1126 1233 1230 1292 suum,

56 1314 238 1399 perdidere.
282 1314 361 1380 Inde
384 1314 441 1379 illa
464 1316 629 1398 cogitatio,
658 1337 798 1401 quonam
831 1317 926 1383 modo
956 1318 1082 1401 possint
1104 1317 1226 1383 Princi-

55 1442 130 1505 pem
162 1420 358 1487 latronum²
385 1441 589 1504 recuperare.
622 1421 715 1500 Quod
744 1422 805 1487 nisi
835 1428 930 1488 caute
954 1423 1125 1508 provideat
1147 1444 1223 1508 pru·

56 1525 137 1593 dens
158 1525 399 1592 oonfoederatio
417 1525 445 1606 ³;
469 1532 576 1591 actum
601 1533 651 1593 est
674 1527 715 1593 de
739 1527 887 1593 omuibus
911 1527 1003 1594 bonis
1028 1528 1104 1595 viris
1127 1535 1227 1613 atque

55 1631 177 1716 probis,
199 1630 493 1715 wirtembergense
509 1631 710 1699 territorium
733 1631 967 1697 habitantibus.
999 1632 1070 1711 Qua
1093 1638 1229 1718 propter

56 1758 142 1804 nunc
158 1735 344 1802 Danubium
360 1746 412 1802 me
436 1735 575 1817 confero,
596 1744 629 1803 et
644 1737 835 1822 Ingolstadii
851 1737 864 1775 ⁴
888 1738 1048 1823 tantisper
1064 1758 1137 1803 cum
1153 1737 1228 1804 doc·

56 1843 100 1909 tis
124 1840 290 1921 versabor,
314 1840 391 1908 dnm
415 1841 526 1907 videro
542 1848 686 1909 mutatas
709 1864 771 1908 res.
799 1841 849 1922 Ad
873 1864 924 1908 me
947 1843 1046 1926 igitur
1062 1851 1135 1909 tuas
1157 1841 1229 1909 lite-

57 1969 122 2028 ras,
146 1949 174 2014 si
198 1947 327 2033 quando
351 1945 555 2031 perscribere
579 1947 676 2027 voles,
705 1947 938 2032 ingolstadium
961 1949 1083 2014 mittito
1108 1971 1172 2034 quo
1195 1950 1229 2015 in

57 2053 128 2119 loco
151 2052 324 2119 hibernare
348 2052 494 2136 cogitavi.
541 2052 612 2119 Non
636 2053 721 2118 enim
751 2053 843 2138 potui
866 2054 1065 2120 commodius
1089 2053 1228 2141 effugere

57 2165 167 2224 tantas
198 2157 410 2237 turbationes,
442 2158 504 2223 nisi
537 2159 715 2224 autoritate
754 2159 989 2244 clementiaque
1019 2158 1228 2249 illustrissimi

60 2264 152 2330 ducis
176 2262 339 2329 Wilhclmi
357 2261 379 2343 ⁵,
403 2263 556 2347 Bojorum
580 2264 744 2349 principis,
768 2271 802 2331 et
827 2265 931 2330 nostri
954 2263 1033 2331 belli
1055 2264 1230 2350 imperato·-

58 2367 111 2435 ris.
159 2369 249 2435 Vale.
274 2367 469 2446 Stutgardise
494 2374 512 2433 6
536 2369 614 2435 Idus
638 2369 837 2449 Novembris,
861 2391 945 2434 anno
972 2375 1066 2435 1519.
1277 2355 1281 2364 ’

331 2473 496 2540 lohannes
519 2474 676 2541 Reuchlin
698 2475 892 2542 Phorcensis
916 2476 978 2540 Lh.
1007 2476 1138 2542 Doctor.

147 2582 308 2643 Gedrnckt:
337 2587 351 2642 1
381 2603 423 2640 =
447 2584 583 2645 Bilibaldi
607 2584 815 2646 Pirckheimeri
832 2629 943 2644 .....
963 2602 1055 2660 opera
1071 2630 1078 2645 .
1097 2628 1104 2647 .
1121 2629 1129 2646 .
1146 2586 1225 2647 edita

56 2688 256 2748 aMelchicre
280 2686 420 2749 Goldastc
438 2735 445 2749 .
463 2734 470 2749 .
487 2688 671 2752 Francnforti
706 2694 805 2764 1610,
830 2709 853 2750 s.
885 2693 959 2752 263.
1007 2690 1122 2752 Dareus
1137 2675 1179 2756 ss
1197 2695 1226 2769 2,

56 2810 83 2853 r.
108 2796 135 2855 d.
160 2794 268 2854 Hardt:
292 2795 530 2868 ingolstadiensis
556 2796 681 2859 historia
702 2797 853 2858 Reuchliui
879 2798 973 2856 1519.
1002 2796 1225 2873 1520,f01.41.

56 2899 217 2960 Handschr.
242 2899 294 2958 der
316 2900 425 2975 kbnigl.
449 2900 579 2962 biblioth.
603 2904 633 2961 in
657 2903 811 2978 stuttgart,
827 2903 892 2963 hist.
912 2903 996 2964 2006
1014 2896 1037 2961 ⁶.

529 3085 753 3155 CCLXXXVI.

130 3173 285 3241 ingolstadr„
973 3183 1002 3231 ar
1028 3181 1091 3232 nec.
1113 3182 1189 3233 rere.

87 3325 89 3328 Α
164 3264 329 3338 doannes
356 3263 540 3341 Reuchlin
568 3291 616 3338 an
644 3263 828 3341 Wilibald
854 3266 1117 3344 Pirckheimer.

147 3386 226 3471 Fugi
241 3393 376 3473 pestem,
391 3389 458 3473 fugi
473 3387 625 3473 gladium,
641 3387 765 3453 utinam
782 3387 948 3473 effugerim
964 3391 1098 3459 famem!
1114 3391 1226 3460 Durch

637 3516 654 3554 sit

133 3611 141 3655 1
153 3605 265 3658 Secutus
274 3612 298 3657 2.
336 3607 437 3659 Fames.
451 3605 550 3658 Hardrs
563 3621 645 3658 anm:
658 3622 710 3658 nou
720 3621 871 3659 exannonae
885 3607 997 3672 deiectu,
1015 3610 1134 3662 sediuxn
1147 3610 1227 3662 curia

56 3691 139 3744 Uinici
159 3696 194 3746 ist
214 3696 264 3746 wol
277 3696 468 3762 ungcgriindet.
541 3701 555 3746 2
578 3696 725 3763 Principem
738 3693 877 3765 latronum]
897 3694 995 3763 herzog
1008 3697 1112 3750 Ulrieh:
1132 3698 1226 3766 haupt·

56 3782 176 3844 sitohlich
196 3784 277 3835 durch
292 3784 363 3834 diese
382 3783 547 3850 schmithung
560 3784 648 3834 wrrrde
662 3784 785 3850 herzogiu
801 3785 915 3836 Antonia
927 3783 1063 3852 benogen,
1083 3803 1133 3837 rou
1144 3788 1227 3840 ihreru

56 3870 148 3937 plane,
168 3872 298 3924 Reuchlin
326 3874 367 3923 eiu
396 3871 518 3923 denkmul
545 3889 577 3923 zu
607 3871 750 3936 errichten,
772 3872 931 3935 abnustebu‚
955 3874 1043 3938 Majus
1073 3892 1094 3926 s.
1117 3876 1169 3926 51⁴
1188 3877 1226 3943 fg.

56 3960 72 4007 s
92 3957 221 4028 contrad]
241 3960 287 4011 der
305 3961 486 4012 sehwdbisclre
505 3959 584 4022 buud,
604 3960 697 4012 dassen
712 3961 897 4013 hefehlsbsber
913 3963 1010 4030 herzog
1025 3962 1149 4015 Wilhelm
1163 3980 1226 4016 war.

57 4051 72 4096 4
91 4047 214 4116 ingolst]
234 4050 312 4099 dabin
332 4051 410 4100 reiste
431 4048 560 4100 Rcuoblin
581 4065 622 4099 am
642 4051 736 4100 9Nor.
774 4049 834 4116 Vgl.
853 4050 918 4102 iiber
937 4051 978 4101 die
991 4050 1048 4101 bier
1066 4051 1093 4100 in
1107 4050 1227 4104 betrncht

56 4133 231 4186 hommendcn
259 4139 444 4200 verhiilrnisse,
471 4136 608 4199 Reuchlin,
628 4153 648 4185 s.
668 4139 719 4187 460
744 4138 778 4204 fg.
853 4142 869 4189 5
892 4139 1026 4190 Wilhelmi
1050 4145 1070 4193 1.
1145 4141 1227 4192 cleb

55 4222 180 4289 begndge
199 4225 269 4275 mich
287 4227 333 4276 mit
352 4227 450 4276 diesem
469 4226 628 4290 eiumniigen
642 4225 751 4274 verweis
771 4227 819 4276 aui
835 4227 876 4278 die
890 4228 1040 4280 hardtische
1054 4228 1127 4281 nicht
1145 4229 1227 4279 allzu·

55 4327 158 4377 geuene
178 4312 307 4364 abschriit
332 4315 386 4366 und
413 4316 504 4366 sciuen
524 4312 747 4377 nichtssagenden
767 4323 927 4366 commentar
951 4333 983 4369 au
1009 4317 1068 4368 dom
1095 4317 1226 4371 reuchlin-

54 4401 323 4469 pirekheimeriscbeu
342 4401 526 4456 brieswcehsel
545 4402 590 4454 der
605 4399 682 4467 johre
704 4400 770 4452 1519
790 4399 832 4452 his
855 4407 929 4460 1520.
