2716 4898
614 249 682 349 rea

55 471 267 556 synceritate,
289 471 467 540 secundum
489 469 577 557 qnod
600 471 691 538 robis
707 471 810 537 visum
830 470 884 550 sit,
907 491 958 537 me
974 470 1230 556 expurgaverim.

57 576 123 643 Ubi
145 577 293 662 profecto
315 578 419 644 latere
442 598 505 644 non
527 582 637 662 potest
654 579 675 658 ¹,
699 577 756 644 sed
786 598 822 643 ee
845 577 949 660 ipsam
972 576 1067 661 plane
1088 578 1232 644 ostendit

55 681 172 765 ingens
195 683 298 749 virtus
320 683 512 750 humilitatis
537 690 665 763 vestra,
689 682 747 766 qui
769 688 807 748 ut
830 680 997 747 unanimes
1022 681 1229 766 idemipsum

57 787 249 868 sentiamus,
271 788 352 854 nihil
374 809 433 872 per
455 787 705 869 contentionem,
728 808 833 872 neque
857 808 916 872 per
938 787 1068 852 inanem
1091 786 1227 871 gloriam

58 895 93 959 in
115 913 196 959 vera
218 892 350 980 quidem
372 892 557 959 humilitate
580 915 601 960 a
623 915 674 959 me
699 892 834 980 poscitis
862 891 1052 959 ulteriorem
1073 891 1232 958 declara-

58 1001 182 1066 tionem
206 1000 273 1065 sive
295 997 566 1078 informationem,
588 1006 626 1064 ut
648 998 751 1065 literae
767 1003 883 1065 vestra
903 1004 1020 1064 sonant
1035 998 1057 1078 ²,
1081 1018 1140 1082 ego
1155 1018 1231 1064 sero

59 1124 242 1189 agnoscens
264 1103 383 1187 ingenii
396 1102 470 1168 mei
492 1103 704 1184 tenuitatem,
733 1101 819 1188 quod
843 1103 948 1170 sentio
972 1124 1070 1188 quam
1097 1103 1140 1169 sit
1167 1103 1233 1169 exi·

61 1230 176 1293 guum,
207 1208 369 1293 explicare
398 1206 596 1292 theologicas
626 1207 825 1275 subtilitates
854 1209 933 1274 mihi
963 1216 1119 1294 tanquam
1147 1208 1231 1276 laico

62 1322 97 1381 et
120 1314 253 1401 quidem
276 1311 434 1397 digamo⁸
457 1319 582 1380 temere
605 1333 669 1379 uon
692 1334 901 1399 arrogavero,
924 1315 978 1380 cui
1001 1315 1233 1400 explicationes

59 1419 137 1485 fidei
173 1426 207 1485 et
236 1419 419 1504 singulares
453 1419 524 1504 ejus
557 1417 735 1484 decisiones
770 1426 860 1486 recte
889 1419 1000 1487 licebit
1033 1421 1103 1488 sine
1135 1419 1233 1504 culpa

59 1526 223 1610 ignorare.

152 1629 272 1696 Defero
299 1636 409 1695 autem
438 1650 565 1697 omnem
593 1629 815 1715 hujuscemodi
846 1629 1001 1696 honorem
1030 1629 1231 1697 excellentie·

60 1735 151 1802 eimae
188 1733 338 1800 facultati
366 1740 495 1816 veetrae,
525 1740 660 1821 paratus
688 1755 772 1799 nunc
804 1740 837 1800 et
868 1756 1013 1820 semper,
1046 1735 1230 1821 ubicunqne

60 1839 255 1919 erraverim,
286 1838 424 1923 benigne
461 1841 570 1924 potius
608 1839 726 1922 corrigi
761 1841 795 1905 in
829 1840 1053 1908 misericordia
1080 1843 1231 1927 ajusto,

63 1966 163 2030 quam
186 1951 225 2010 ut
247 1950 347 2029 caput
369 1966 477 2009 meum
500 1945 679 2030 impinguet
701 1945 807 2012 oleum
838 1947 1029 2030 peccatoris.
1075 1945 1169 2026 Quod
1193 1968 1233 2012 ex

62 2072 99 2117 eo
127 2050 269 2116 maxime
291 2055 404 2136 patere
428 2054 552 2134 potest,
575 2051 667 2134 quia,
690 2072 763 2116 cum
782 2053 851 2137 jam
875 2073 915 2118 ex
938 2052 1047 2120 libello
1071 2052 1230 2119 Jobauuis

62 2154 296 2222 Pfefferlrorn⁴
326 2155 551 2221 intellexeram
579 2155 736 2240 quosdam
764 2157 899 2240 pusillos
929 2158 1038 2225 forsan
1067 2163 1101 2223 et
1123 2157 1230 2224 minus

61 2261 227 2348 perfectos
251 2259 440 2327 scandalum
462 2261 607 2345 potuisse
623 2262 702 2345 pati,
726 2263 894 2328 occasione
910 2262 1037 2329 consilii
1052 2261 1117 2327 mei
1131 2269 1229 2328 antea

60 2388 120 2451 per
152 2366 398 2432 renunciatores
427 2365 600 2450 publicati,
631 2365 731 2433 tum⁵
758 2356 837 2438 mou¹
861 2368 931 2452 ipse
955 2389 1027 2452 ego,
1058 2365 1227 2433 anemius

61 2472 275 2553 adhortatus,
305 2478 439 2538 coactus
467 2477 527 2537 aut
549 2473 739 2557 requisitus,
770 2479 911 2539 mentem
939 2494 1045 2539 meam
1068 2471 1232 2538 declarari

60 2577 172 2658 latine,
195 2583 332 2661 paratus
353 2583 431 2643 tnnc
455 2577 585 2644 easdem
609 2577 845 2645 declarationes
866 2578 900 2642 in
924 2577 1034 2661 lingna
1056 2574 1231 2642 vernacula

59 2689 95 2750 et
116 2682 243 2767 vulgari
266 2683 363 2748 edere
380 2684 402 2764 ⁶,
425 2683 487 2749 nisi
509 2683 669 2750 brevitate
693 2685 849 2769 temporis
877 2689 911 2750 et
941 2681 1145 2767 impresseris
1172 2680 1231 2745 im-

60 2787 249 2873 pedimento
278 2788 411 2855 fuissem
441 2788 645 2869 retardatus,
673 2789 716 2855 ad
740 2791 827 2874 quod
851 2789 951 2855 etiam
974 2787 1070 2854 hodie
1093 2793 1229 2871 paratus

62 2894 175 2973 existo,
198 2892 273 2960 inde
297 2915 441 2978 sperans,
463 2893 679 2978 probabiliter
695 2897 782 2979 quod
803 2916 863 2980 per
886 2915 942 2960 eas
967 2893 1179 2978 erigerentur,
1203 2892 1231 2958 si

62 2999 118 3083 qui
148 2998 234 3065 forte
262 2999 468 3080 cecidissent,
502 3020 561 3066 nec
593 2999 633 3066 de
660 3007 777 3067 cetero
808 3021 919 3067 casum
948 3005 1140 3084 paterentur
1174 2997 1231 3083 qni

62 3109 198 3170 starent.

151 3209 235 3288 Quia
266 3229 342 3275 vero
371 3209 554 3278 uberiorem
592 3211 845 3278 declarationem
875 3209 1096 3293 desyderatie‚
1131 3208 1228 3275 facile

60 3314 206 3398 intelligo
234 3334 287 3379 me
316 3317 475 3399 propositi
502 3316 566 3382 mei
597 3315 694 3381 finem
726 3336 789 3391 non
820 3337 891 3381 esse
915 3320 1134 3381 consecutum.
1184 3314 1230 3381 Ut

61 3422 163 3506 igitur
184 3419 335 3504 petitioni
357 3426 474 3486 vestrae
496 3443 556 3506 pro
579 3443 652 3487 mea
677 3420 760 3486 virili
783 3419 993 3500 satisfaciam,
1017 3424 1051 3484 et
1074 3417 1245 3498 circuitus,

60 3527 204 3592 vitentur
230 3526 360 3603 inanes,
388 3532 422 3591 et
444 3527 570 3592 itineris
597 3527 684 3611 longi
708 3525 797 3592 vada
824 3529 1001 3590 caveantur
1031 3521 1226 3603 discrimina,

61 3629 221 3715 simulque
244 3629 377 3697 inutiles
401 3651 549 3716 expensa
572 3654 611 3698 ac
635 3630 828 3716 supervacui
850 3628 980 3695 labores
1003 3627 1078 3694 hinc
1103 3633 1136 3694 et
1155 3628 1231 3695 inde

60 3736 228 3816 tollantur,
244 3740 386 3801 vestrum
403 3736 489 3801 omni
510 3737 607 3804 laude
624 3735 847 3821 dignissimum
863 3739 896 3800 et
911 3734 1151 3800 ornatissimum
1167 3733 1231 3799 col-

629 3871 648 3910 *
705 3888 708 3894 .

132 3961 144 4006 1
164 3955 261 4007 Latere
280 3971 333 4007 non
352 3961 438 4024 potest
456 3956 498 4008 bis
516 3959 677 4025 praeconium
697 3959 726 4024 (f.
744 3960 778 4027 s.)
797 3957 824 4006 in
839 3956 980 4008 Reuchliui
999 3954 1119 4007 defensio
1138 3959 1232 4006 conus

59 4042 267 4094 calumniatores
286 4043 460 4095 colonienses
477 4046 505 4097 1⁴¹.
524 4045 599 4114 (def.)
673 4052 687 4096 2
711 4047 779 4096 Statt
803 4044 1050 4097 declarationem..
1069 4047 1164 4092 sonant
1181 4057 1232 4093 nur

58 4132 272 4182 informationem
289 4135 311 4182 1.
324 4136 348 4182 2.
364 4135 388 4182 3.
403 4131 454 4182 def.
513 4135 656 4200 thigamo
676 4134 730 4200 vgl.
746 4133 814 4186 obcu
829 4137 861 4182 at
875 4132 941 4182 Juni
959 4133 1023 4182 1502
1038 4145 1093 4180 uro.
1107 4128 1231 4181 LXXXII

58 4220 225 4285 cnmerknng
238 4220 262 4269 6.
323 4219 473 4288 ΗιὶὴοΙΙο]
487 4220 669 4288 handepiegel.
736 4221 871 4271 5'l'amen
884 4221 994 4270 flirtnm
1008 4215 1059 4267 def.
1114 4217 1230 4269 bDiese

57 4306 237 4372 erkllrungen
251 4305 405 4358 areobienen
422 4307 531 4360 deutscb
545 4314 599 4363 etet
617 4325 659 4363 am
673 4312 705 4360 22
721 4309 793 4363 Mtte
810 4309 886 4362 1512.
918 4304 1050 4363 Alnolm
1063 4308 1230 4358 venientum

58 4394 112 4464 vgl.
131 4393 265 4448 cenchrin
283 4410 306 4448 s.
325 4395 378 4446 aot
395 4397 433 4463 fg.
