2716 4898
691 304 756 373 190

149 495 268 583 opinio,
290 501 328 563 ut
351 494 594 582 gratificaturus
615 494 696 563 mibi
718 495 764 563 sis
794 496 829 562 in
860 491 1010 560 omnibus
1039 511 1114 579 quae
1142 491 1233 559 factu
1260 490 1312 558 tibi

149 602 271 668 fuerint
302 608 472 687 oportuna.
523 602 588 669 Sed
617 609 652 668 et
681 602 784 668 literis
815 600 881 668 tuis
909 598 1097 666 admonitus
1131 599 1314 666 sententiam

150 707 282 788 mutavi,
305 727 365 773 neo
388 707 527 793 amplius
550 707 583 772 in
607 708 709 773 reteri
731 711 928 774 testamento
946 704 1045 771 aliam
1062 726 1164 790 qnam
1184 705 1311 771 nativam

150 812 292 897 linguam
322 813 355 878 in
386 835 451 898 qna
479 814 583 899 primo
612 813 755 879 omnium
785 818 835 879 est
858 811 998 891 editum,
1029 816 1206 896 tantopere
1228 809 1310 876 affec

151 918 239 986 tabo.
272 919 432 987 (laterum
447 922 569 1002 gratias
581 917 642 985 tibi
657 918 763 985 habeo
780 917 821 985 de
839 917 943 984 literis
956 916 1108 983 caesareis
1124 915 1206 983 mihi
1220 915 1309 982 misus

152 1024 271 1110 quibus
287 1031 321 1091 et
336 1024 397 1090 tibi
418 1030 451 1090 et
465 1024 661 1092 adversariis
682 1025 747 1090 tuis
763 1023 926 1091 silentium
941 1021 1109 1104 indicitur,
1125 1043 1202 1089 nam
1217 1020 1308 1107 volup

153 1130 215 1197 tati
230 1129 308 1195 mibi
325 1129 415 1196 luere
435 1132 660 1215 permaximae3
673 1127 865 1216 jamdudum
885 1129 970 1196 enim
988 1127 1157 1213 optabam,
1173 1128 1305 1195 obscona

154 1235 341 1302 amulorum
366 1242 495 1302 tuorum
519 1257 578 1302 ora
593 1236 710 1316 claudi,
733 1240 893 1319 quatenns
909 1234 1020 1319 quiete
1036 1240 1073 1301 et
1095 1232 1303 1300 literarioolio

153 1338 288 1407 liberius
315 1340 444 1407 fruaris
490 1342 571 1409 Vale
599 1341 691 1408 bene.
736 1340 832 1405 Abba
861 1360 953 1406 meus
984 1338 1147 1406 emeritus
1171 1345 1204 1405 te
1225 1338 1302 1423 pluri·

154 1466 242 1517 mum
264 1445 373 1512 valere
396 1453 499 1533 optat,
522 1454 556 1513 et
578 1453 615 1513 ut
637 1445 812 1532 aliquando
835 1445 879 1512 ad
895 1466 954 1513 nos
969 1443 1136 1512 concedas
1152 1445 1301 1530 plurimun

154 1550 281 1619 invitat.
327 1552 375 1619 Ex
399 1551 598 1638 Ottenbyrra
623 1558 663 1619 13
687 1552 740 1619 die
765 1550 901 1636 Augusti
928 1556 1023 1618 1513.

221 1660 316 1747 'Msc
334 1661 486 1737 lllleubog.
504 1662 554 1723 lib.
570 1662 598 1721 II
613 1663 697 1737 epist.
715 1658 832 1723 47.f01.
853 1663 926 1721 133.

679 1813 801 1881 CLXV.
1237 1884 1240 1889 ,

228 1904 365 1971 Stnttgmt.
416 1904 421 1911 ’
1068 1906 1100 1953 lt
1120 1901 1190 1968 Aug.
1210 1902 1276 1952 loto.

156 1990 320 2069 «loannes
350 1991 534 2068 Rcuohliu
565 2018 614 2065 an
648 1990 719 2066 den
753 1987 997 2065 Ohmfdrsten
1030 1991 1223 2066 Friedrich
1246 2014 1305 2063 von

660 2114 824 2191 Sachsen

158 2237 344 2305 ilberroioht
367 2239 454 2305 selune
471 2238 685 2323 iibersetzung
700 2237 758 2303 des
773 2236 885 2306 lebena
902 2237 1096 2306 constantin
1112 2236 1170 2305 des
1185 2256 1308 2323 gronam

159 2345 220 2413 mit
249 2345 351 2411 einem
387 2343 462 2409 sehr
491 2343 623 2429 langen,
657 2341 932 2429 weitschweifigen
967 2342 1307 2431 widmungsbriefe,in

157 2451 231 2517 dem
260 2472 313 2531 er,
341 2456 436 2516 uuter
466 2449 649 2534 aufuihrung
671 2448 834 2515 schweren
857 2448 1025 2535 gelehrten
1047 2449 1233 2530 materiola,
1261 2446 1309 2514 dan

158 2555 296 2624 v'ersuch
315 2555 434 2635 macht‚
458 2555 609 2636 Sachsen,
632 2555 815 2640 Thiiringen
835 2554 901 2621 und
918 2555 1077 2621 Meissner
1092 2556 1154 2621 mit
1169 2555 1309 2633 Axonam,
1350 2628 1352 2639 ¹

159 2654 290 2747 Mysern
317 2660 384 2727 und
408 2660 579 2745 Tyrigeten
608 2683 646 2727 zu
676 2659 902 2728 identificiren.
949 2661 994 2726 Er
1016 2657 1122 2745 preist
1145 2660 1208 2727 den
1230 2678 1309 2744 regen
1349 2650 1352 2677 ³

158 2767 230 2834 sinn
257 2765 315 2834 des
339 2765 545 2833 churfuirsten
568 2765 621 2832 fuir
652 2766 704 2833 die
727 2765 998 2847 wissenschaften,
1023 2765 1076 2832 die
1099 2787 1163 2833 von
1186 2766 1251 2831 ihm
1270 2784 1311 2848 ge

159 2871 317 2956 griindete
346 2872 537 2939 universit'at
568 2871 635 2937 und
664 2871 861 2938 bibliothel:
898 2872 981 2939 Hinc
1013 2871 1072 2937 illa
1103 2877 1164 2938 tna
1194 2870 1313 2938 illustris

160 2982 349 3043 cunctorum
375 2977 617 3062 disciplinarum
641 2984 675 3044 et
698 2979 873 3063 omnigenae
896 2977 1108 3063 philosophia
1126 2977 1313 3057 universitas,

161 3101 260 3167 quam
288 3082 443 3168 oprimis
471 3083 690 3150 fundamentis
719 3082 887 3167 magnifice
916 3084 1090 3169 plantasti,
1120 3105 1218 3170 quam
1254 3080 1316 3149 doo-

161 3186 294 3254 tissimis
327 3188 402 3254 viris
436 3209 496 3254 ceu
536 3194 688 3255 coronam
728 3189 925 3273 fulgentibus
967 3189 1123 3274 gemmis·
1154 3184 1317 3265 adornasti,

162 3315 260 3380 quam
282 3314 410 3360 annona
432 3294 641 3378 proventibus
665 3300 699 3361 et
721 3294 889 3379 stipendiis
912 3295 1041 3362 abunde
1077 3295 1203 3362 ditasti.
1246 3294 1316 3360 Hinc

162 3399 220 3465 illa
249 3400 381 3485 insignis
409 3400 614 3480 bibliotheca,
642 3407 675 3466 te
703 3401 881 3467 architecto
908 3422 969 3487 per
1000 3399 1161 3468 artificum
1195 3395 1317 3487 exquisi-

163 3506 361 3573 tissimorum
388 3527 499 3572 curam
529 3506 722 3572 industriam
755 3505 953 3590 diligentiam
985 3514 1018 3573 et
1040 3506 1206 3591 ingenium
1228 3523 1318 3590 nuper

164 3632 204 3677 ex
225 3612 345 3678 intimis
377 3612 462 3677 areis
485 3611 528 3677 ad
552 3611 716 3696 fastigium
743 3612 870 3692 educta,
902 3631 973 3697 quae
996 3611 1040 3679 sit
1062 3612 1206 3679 omnium
1229 3608 1317 3680 omnis

163 3705 274 3783 formae
297 3738 335 3785 ac
358 3716 549 3783 conditionis
572 3717 728 3784 librorum
750 3717 876 3783 illustre
900 3716 1134 3799 diversorium,
1158 3739 1223 3804 qno
1246 3715 1318 3801 cogis

163 3818 323 3907 hospitari
346 3822 517 3907 peregrina
538 3822 640 3889 omnis
667 3822 772 3888 aetatis
789 3828 822 3888 et
837 3822 977 3889 omnium
993 3830 1147 3890 autorum
1161 3822 1317 3891 volumina.

165 3930 226 3995 Am
249 3929 374 3995 schluss
405 3928 508 3994 heisst
531 3948 580 3994 es:
612 3928 681 4005 Quo
713 3927 882 3994 ardentius
904 3928 946 3994 ad
969 3934 1003 3994 te
1027 3928 1239 4017 Saxonesque
1259 3934 1318 3994 tuos

165 4035 323 4119 confugio,
345 4055 405 4100 ceu
427 4033 470 4100 ad
492 4034 646 4099 Phaeacas
669 4040 702 4099 et
724 4033 894 4100 Alcinoum
917 4034 1057 4119 Ulysses,
1081 4043 1120 4102 ut
1142 4057 1195 4102 mo
1221 4038 1318 4103 contra

165 4139 385 4227 quorumlibet
417 4140 580 4207 latronum
611 4139 760 4207 incursus
796 4160 924 4225 semper
952 4141 1086 4208 tuearis.
1144 4142 1213 4229 Ego
1249 4138 1317 4209 enin

167 4268 241 4315 cum
262 4246 392 4313 Nasone
411 4247 422 4284 ¹
445 4266 523 4312 vera
545 4245 661 4331 loquor

742 4340 762 4379 el

240 4428 254 4479 l
274 4425 352 4492 ovid,
370 4424 452 4479 'frist
470 4423 516 4478 lib·
535 4424 571 4476 IV
591 4423 658 4492 eleg.
679 4426 703 4490 8,
722 4425 738 4476 5
757 4423 800 4479 bin
818 4425 845 4479 8.
