2716 4898
648 287 713 353 328

95 502 156 548 non
180 482 284 568 possit
308 481 420 564 magis.
466 477 548 544 Nam
573 479 741 564 quiritum
778 477 990 543 obtenturum
1022 483 1056 542 te
1090 474 1173 561 apud
1192 497 1241 556 eos,

94 585 255 673 aquibus
288 585 373 670 equi
401 585 542 670 bonique
574 605 737 670 nunquam
768 586 944 668 impetrare
974 581 1100 668 aliquid
1123 581 1244 667 potuisti,

92 711 215 777 speras,
239 691 265 755 si
289 691 386 755 sitin
411 696 467 756 tua
492 690 552 755 hac
576 697 749 774 potestate,
774 698 809 754 ut
835 688 971 754 Lntheri
995 709 1148 754 caussam
1170 688 1245 752 iuter·

94 794 208 863 licias?
236 794 358 860 Novem
376 797 444 879 jam
469 816 569 860 annos
599 797 769 861 continuos
793 816 856 860 non
882 793 1034 872 didicisti,
1060 792 1139 878 qnid
1162 791 1246 857 eblan-

95 899 157 966 diri
181 900 223 967 ab
246 900 286 966 iis
313 900 434 965 liceat?
469 901 561 980 Quod
594 904 620 966 si
644 901 778 966 Lutheri
812 899 1009 984 improbatio
1041 899 1147 983 possit
1169 897 1244 963 etiarn

96 1005 222 1092 eripere
246 1007 341 1071 istinc
366 1014 409 1085 te,
432 1011 541 1071 tamen
565 1007 737 1071 honestum
762 1028 825 1070 uon
850 1004 1033 1070 arbitrarer
1059 1025 1117 1070 eas
1140 1010 1172 1070 te
1191 1024 1247 1088 par-

96 1117 148 1178 tes
170 1131 368 1196 oppugnare,
391 1113 423 1176 in
449 1112 565 1197 quibus
590 1120 677 1177 stare
701 1112 791 1176 vides
820 1133 886 1191 eos,
911 1111 1115 1195 quibuscum,
1140 1111 1194 1175 nisi
1214 1109 1249 1174 in·

97 1218 301 1300 gratissimus
325 1238 395 1283 esse
420 1217 509 1295 velis,
533 1219 656 1282 sentire
678 1220 711 1282 in
735 1239 770 1281 re
794 1217 931 1282 honesta
954 1237 1085 1299 semper
1109 1214 1210 1281 debes.

186 1322 273 1387 Satis
305 1344 467 1407 superque
493 1323 601 1389 fuerat
632 1346 691 1407 pro
715 1321 900 1388 defensione
924 1329 981 1387 tua
1008 1320 1164 1401 scribere,
1184 1320 1248 1385 nihil

99 1425 198 1492 fuisse
211 1425 271 1492 tibi
286 1448 357 1493 cum
372 1426 515 1494 Luthero
532 1450 688 1514 unquam,
710 1428 771 1492 boc
788 1434 821 1492 et
836 1428 991 1493 Erasmus
1007 1426 1154 1510 scripsit,
1172 1424 1248 1492 addis

97 1552 228 1599 causam
244 1538 277 1598 te
293 1533 362 1616 ejus
377 1532 578 1617 improbasse
600 1555 737 1619 semper,
753 1534 920 1616 aegerrime
940 1532 1054 1599 tulisse
1071 1534 1159 1618 quod
1174 1540 1248 1600 tuan

97 1658 213 1704 nomeu
236 1638 267 1703 iu
292 1637 377 1704 illius
401 1640 529 1724 scriptis
553 1641 745 1718 inveniatur,
769 1645 923 1705 conatum
952 1639 1052 1706 etiam
1077 1638 1251 1705 abstrahere

98 1762 156 1809 nos
180 1743 235 1828 qui
259 1742 306 1808 illi
330 1744 526 1810 adhereant.
566 1746 635 1810 Hac
659 1753 727 1810 tarn
760 1744 847 1809 foeda
871 1743 1059 1809 adulatione
1083 1765 1195 1829 speras
1215 1766 1253 1810 ex·

104 1868 198 1913 orare
223 1869 293 1926 eos,
328 1869 409 1933 quos
440 1849 468 1914 si
491 1851 539 1914 vir
570 1872 640 1916 esse
671 1849 751 1916 velis
774 1870 836 1916 uon
861 1847 981 1914 debeas
1005 1848 1152 1916 salutare
1175 1850 1252 1915 etiau

101 1952 212 2033 amice,
247 1959 297 2018 tot
328 1961 395 2018 tam
428 1952 568 2021 infandis
599 1955 703 2021 modis
733 1956 871 2041 pessime
896 1954 936 2019 de
960 1959 993 2018 te
1017 1953 1162 2020 meritos.
1206 1950 1253 2019 Sed

100 2078 208 2138 exora,
233 2064 275 2136 et,
297 2059 325 2124 si
348 2080 407 2142 per
430 2067 559 2126 aetatem
583 2059 668 2140 licet,
695 2061 756 2126 hoc
780 2061 878 2126 etiam
901 2059 962 2139 iac,
987 2058 1073 2145 quod
1099 2066 1252 2144 tantopere

98 2183 193 2247 posse
217 2160 325 2243 velles,
348 2169 385 2229 ut
410 2163 541 2230 Romam
576 2165 689 2232 abiens
713 2166 841 2233 Domini
871 2165 988 2231 Leonis
1021 2165 1125 2249 pedes
1149 2164 1255 2231 oscule-

97 2267 152 2345 ris,
175 2265 259 2335 adde
284 2270 383 2334 etiam
400 2269 486 2355 quod
511 2271 673 2337 detrectas
688 2272 828 2351 minime,
850 2279 888 2338 ut
909 2272 943 2337 iu
966 2292 1024 2338 nos
1049 2270 1184 2337 scribas.
1206 2270 1250 2335 Ta·

97 2393 170 2438 meu
194 2372 382 2456 videbimus,
406 2383 452 2456 ut,
478 2377 526 2441 vel
550 2377 650 2442 invito
673 2383 770 2469 teet
793 2377 996 2462 cumimpiis
1023 2377 1196 2443 cortisanis
1216 2395 1251 2441 re·

97 2475 267 2559 clamante,
291 2482 492 2548 excutiamus
516 2489 610 2567 turpe
636 2484 749 2567 jugum
774 2488 807 2548 et
827 2504 848 2547 a
870 2482 958 2547 foeda
976 2483 1135 2549 servit-ute
1158 2480 1251 2569 (quau

97 2588 133 2648 tu
156 2581 296 2651 libenter
319 2588 468 2654 serviisse
497 2610 625 2674 semper
656 2595 697 2669 te,
722 2589 814 2673 quasi
847 2587 908 2653 hoo
941 2592 974 2652 te
1005 2587 1139 2672 dignum
1162 2585 1251 2663 luerit

94 2688 216 2776 jactas)
240 2711 300 2756 uos
324 2693 530 2759 vindicemus.

186 2794 257 2860 Tibi
281 2795 432 2881 displicet
447 2798 579 2864 liutheri
606 2799 777 2882 negotium,
795 2807 828 2864 et
850 2797 930 2865 illud
955 2798 1133 2883 improbas,
1157 2797 1254 2863 velles

97 2920 159 2983 que
193 2900 379 2969 extinctum.
434 2904 504 2969 Non
540 2904 625 2970 venit
653 2905 685 2968 in
717 2911 858 2970 mentem
893 2902 953 2968 tibi
992 2903 1088 2969 fortis
1129 2903 1192 2969 riri
1217 2898 1268 2968 tui·

96 3007 345 3088 propugnatoris
375 3009 547 3088 Francisci,
579 3031 641 3074 nou
670 3010 732 3074 mei
764 3011 819 3095 qui
851 3031 914 3074 nou
947 3009 980 3073 iu
1011 3004 1187 3093 postremis
1208 3026 1254 3094 pro

97 3114 130 3174 te
154 3109 240 3188 steti,
264 3111 361 3177 etiam
386 3119 462 3178 tunc
496 3135 565 3179 cum
600 3114 736 3179 maxime
771 3122 805 3179 et
831 3114 1106 3199 periculosissime
1138 3114 1257 3180 arderet

97 3214 158 3280 hoc
181 3214 373 3284 incendium.
420 3219 491 3286 Nou
515 3219 652 3284 aliorum
684 3220 738 3304 qui
762 3227 795 3286 te
819 3241 916 3286 mauu
942 3226 975 3285 et
999 3241 1070 3304 ore,
1096 3242 1169 3286 cnm
1193 3219 1257 3306 quia

97 3321 144 3386 tui
167 3321 410 3404 misererentur,
434 3333 502 3391 tum
527 3327 624 3391 etiam
649 3324 735 3410 quod
760 3325 908 3392 viderunt
931 3346 1137 3392 communem
1162 3325 1259 3392 litera-

97 3444 168 3490 rum
192 3447 325 3492 oausam
349 3453 420 3496 cum
445 3437 501 3496 tua
525 3431 588 3496 ista
612 3432 824 3514 conjunctam,
857 3432 956 3497 tutati
985 3453 1117 3516 semper
1139 3437 1259 3498 strenue

93 3539 181 3623 sunt.
230 3533 296 3599 Has
321 3542 356 3600 tu
381 3543 491 3622 partes
515 3536 703 3621 impugnare
728 3522 821 3616 velis,
854 3538 882 3601 si
911 3537 1017 3622 possis
1049 3537 1151 3602 etiam
1182 3534 1261 3602 uulla

97 3635 182 3701 bona
206 3638 411 3721 conscientia,
437 3642 493 3707 sed
518 3649 554 3706 ut
577 3640 718 3707 admisso
741 3642 802 3707 hoo
830 3642 974 3707 facinore
997 3640 1079 3707 illud
1104 3641 1260 3726 impetres,

97 3742 184 3827 quod
207 3743 235 3808 si
259 3742 431 3812 offerretur
455 3747 552 3812 etiam
576 3769 616 3811 an
649 3748 796 3832 accipere
820 3745 928 3827 velles,
960 3746 1115 3813 dubitare
1140 3746 1262 3821 debeas,

99 3854 132 3913 et
155 3849 241 3934 quod
267 3850 395 3919 etiamsi
420 3859 578 3938 perpetuo
602 3852 745 3918 adrrleris
768 3851 879 3939 (modo
902 3859 991 3917 certe
1016 3855 1090 3918 novi
1114 3853 1209 3936 istos)
1224 3858 1262 3917 ta·

97 3975 170 4018 men
195 3976 257 4019 non
283 3956 454 4024 obtinebis.

186 4059 237 4126 Sic
261 4062 424 4130 Francisoi
455 4085 516 4148 ope
547 4063 672 4130 diffisus
704 4066 752 4130 esl
785 4065 837 4130 Sic
862 4064 1020 4131 bonorum
1045 4064 1190 4132 omnium
1211 4083 1263 4149 pro

95 4171 129 4229 te
159 4186 239 4231 cura
271 4166 468 4251 desperasti!
492 4169 604 4252 Neque
628 4170 654 4234 si
688 4176 723 4234 tu
755 4171 864 4235 anima
892 4176 926 4236 ot
949 4169 1108 4253 sanguiue
1131 4168 1262 4242 deficias

54 4313 61 4326 ·
94 4270 187 4335 uobis
212 4281 299 4338 esset
323 4280 481 4358 quantum
511 4277 592 4340 satis
625 4275 723 4341 luerit
745 4275 788 4339 ad
813 4281 845 4339 te
869 4273 1065 4340 servandum
1090 4275 1262 4342 arbitratus

96 4395 138 4439 ss.
187 4376 291 4443 Pudet
315 4399 365 4444 me
390 4378 476 4464 quod
502 4380 602 4446 multa
625 4381 821 4466 scripserim,
845 4378 949 4446 multa
972 4379 1116 4462 fecerim,
1139 4399 1212 4448 oum
1232 4382 1264 4444 tu
