2716 4898
575 289 654 357 1261

60 462 187 566 uiglreit
217 479 275 545 de's
306 477 471 545 irdisuben
501 479 613 548 lebeus
646 503 702 548 vos
734 487 768 547 et
796 479 903 546 ordini
934 486 967 547 et
993 481 1122 566 parenti
1146 481 1210 548 Au·

60 587 169 653 ustiuo
203 585 439 666 deditissimus,
472 592 627 670 quantum
664 587 706 653 ad
744 609 802 654 uos
837 586 956 652 attinet
986 592 1208 672 quantumque

60 691 141 759 ostri
160 691 246 776 juris
269 697 328 770 est,
352 696 463 756 nostro
487 692 592 757 ordini
615 692 831 759 adscribimus
854 698 955 776 atque
977 713 1034 758 vos
1058 690 1209 776 singulos,

60 805 71 860 t
94 818 136 863 ex
166 797 288 863 nostris
315 818 424 876 unum,
448 803 518 863 toto
541 798 639 864 corda
662 797 843 865 confratres
866 803 899 862 et
922 818 1128 863 consororem
1150 819 1210 882 per

60 914 95 970 a's
119 904 234 969 literas
256 908 290 968 et
313 903 488 988 accipimus
512 909 545 970 et
569 925 721 971 vocamus
737 954 745 969 .
761 952 770 969 .
786 952 818 969 ..
841 904 933 969 Auno
960 908 1053 982 1516,
1088 903 1140 968 dio
1165 909 1208 969 20

60 1007 197 1075 *obobris

124 1117 287 1180 Gedruckt:
304 1137 346 1175 =
361 1117 389 1177 J.
407 1135 434 1177 v.
452 1133 477 1178 o.
497 1118 532 1178 B.
551 1123 596 1178 4⁸.
614 1119 664 1180 0⁸.

518 1383 719 1452 ccxxvm.
1148 1440 1151 1453 .

107 1492 184 1542 som.
1094 1495 1169 1545 rara

261 1561 436 1662 AEgidius
463 1560 706 1636 Viterbiensis
734 1589 783 1636 an
809 1562 994 1636 Reuchlin

60 1708 176 1793 eklagt,
200 1708 276 1774 dass
293 1730 328 1775 er
345 1708 501 1776 Reuohliu
518 1708 570 1775 bei
585 1710 691 1775 seiner
706 1709 923 1776 anwesenheit
937 1709 970 1775 iu
987 1709 1208 1776 Deutsohland

60 1815 126 1880 ioht
147 1815 287 1899 genehen
311 1814 404 1894 habe,
429 1815 498 1900 gibt
521 1815 628 1882 seiuer
654 1815 894 1899 bewuuderung
914 1813 969 1879 fur
997 1815 1031 1880 R.
1054 1815 1117 1880 deu
1140 1816 1208 1882 leb-

60 1920 200 1987 uitesteu
223 1919 401 2000 ausdruck,
431 1920 510 1987 bebt
531 1921 621 2008 seins
645 1921 827 1986 sardienste
851 1919 904 1985 liir
927 1919 1116 1986 hebruische
1140 1921 1207 1989 und

60 2025 292 2092 abbalistisobe
315 2025 444 2091 studieu
468 2026 585 2092 hervor
608 2026 674 2092 und
697 2025 857 2092 schreibt:

99 2172 101 2177 ,
124 2131 256 2198 Thorah
279 2138 393 2217 erepta
414 2132 520 2216 primo
540 2131 633 2198 uobis
658 2138 708 2198 est
730 2153 751 2198 a
774 2131 836 2198 deo
861 2153 901 2196 ex
923 2131 995 2215 igue
1012 2152 1084 2197 cum
1100 2131 1204 2197 Abra-

60 2259 111 2304 am
135 2259 176 2303 ex
198 2238 270 2322 igno
294 2246 460 2304 servatum
483 2259 555 2304 esse
578 2237 690 2304 voluit.
736 2237 828 2303 Nunc
853 2237 994 2303 secundo
1011 2257 1031 2302 a
1047 2237 1205 2302 Reuchlin

60 2349 168 2409 errata
191 2351 304 2410 estex
327 2344 414 2427 igue,
447 2365 519 2409 cum
543 2343 618 2409 libri
641 2343 688 2408 illi
712 2343 832 2409 servati
855 2348 930 2407 sunt
953 2341 1070 2425 quibus
1093 2343 1207 2407 stanti-

60 2471 97 2516 us
120 2449 174 2514 lex
196 2449 351 2533 panditur
374 2455 407 2514 et
430 2449 535 2514 lucem
551 2449 647 2534 capit,
671 2448 911 2514 intereuntibus
927 2452 1036 2511 autem
1061 2446 1205 2512 tenebris

60 2555 189 2621 theruae
219 2556 323 2620 noetis
353 2552 540 2621 offunditur.
593 2555 740 2638 Denique
763 2554 795 2617 iu
826 2552 886 2617 hoo
912 2551 1035 2636 judicio
1059 2557 1115 2617 tuo
1149 2552 1206 2617 ubi

60 2681 98 2727 ao
121 2666 235 2726 aestate
259 2661 441 2744 periculoso
470 2667 550 2726 aestu
573 2660 810 2739 laboravimus,
846 2679 908 2723 uon
938 2664 971 2722 te
1003 2656 1060 2721 sed
1091 2656 1204 2740 legem,

60 2787 101 2832 on
123 2765 284 2832 Thalmud
307 2765 365 2832 sed
395 2767 581 2847 eeclesiam,
609 2788 672 2832 nou
695 2763 852 2831 Reuohliu
880 2785 939 2848 per
962 2785 1033 2842 nos,
1065 2762 1123 2829 sed
1146 2785 1205 2829 uos

60 2893 95 2938 er
118 2871 276 2937 Reuchlin
300 2878 446 2937 servatos
470 2879 503 2938 et
526 2861 677 2939 defensos
699 2870 918 2954 intelligimus.
951 2869 1053 2937 Velim
1077 2891 1147 2954 quae
1164 2869 1204 2935 de

60 2977 260 3063 ythagoriois
283 2977 402 3043 cudere
426 2983 459 3042 te
483 2977 612 3057 scribis,
640 2977 738 3042 latius
769 2976 809 3042 ds
839 2976 886 3042 eis
914 2998 965 3042 me
989 2976 1109 3043 reddas
1138 2998 1206 3050 cere

61 3103 163 3149 orem.
209 3082 298 3162 Vale,
321 3084 440 3148 Romae.
466 3083 557 3148 Anno
581 3082 741 3148 Monta

128 3205 290 3270 Gedruckt:
309 3229 350 3267 =
365 3211 394 3269 J.
413 3228 438 3271 v.
456 3226 481 3270 e.
498 3209 532 3269 B.
550 3205 612 3282 iiib;
635 3211 669 3269 B.
688 3211 734 3268 4⁸.

537 3477 705 3545 CCXXIX.

109 3564 198 3615 wien.
830 3563 890 3629 (vor
909 3561 967 3612 uem
989 3567 1020 3613 cu
1042 3563 1099 3614 ou„
1118 3566 1205 3631 raro.)

123 3668 318 3744 Vedianas
345 3684 455 3773 poeta
483 3671 668 3746 laureatus
696 3672 723 3746 J
724 3669 838 3744 oanni
864 3667 1048 3743 Reuchlin
1076 3667 1113 3743 S.

126 3815 278 3883 Ulricbus
302 3820 466 3886 Hutteuus
484 3822 505 3899 ¹,
529 3819 717 3886 doctissime
740 3817 901 3901 Capuion,
932 3814 1065 3881 literis²
1087 3814 1131 3880 ad
1153 3837 1204 3881 ms

60 3923 103 3992 ris
126 3923 279 3992 Bononia
304 3925 389 3990 datis
412 3924 590 3991 honorifica
612 3925 661 3990 tui
684 3922 846 3990 mentione
869 3922 970 4002 facta,
995 3921 1072 4005 quid
1094 3921 1204 3986 Roma

610 4054 628 4093 *

112 4152 120 4196 l
145 4146 202 4196 Von
222 4147 322 4196 Hutten
343 4147 376 4195 ist
396 4160 450 4194 nun
470 4160 528 4195 aum
549 4143 705 4196 orsleumale
730 4145 756 4193 iu
777 4159 870 4195 unseru
891 4142 990 4192 briefen
1011 4139 1206 4192 uualdhrlicber

63 4233 168 4287 ereda.
206 4235 274 4284 Dass
293 4233 359 4283 iiber
381 4233 426 4282 ihu
450 4233 492 4284 die
511 4235 693 4300 sammlungeu
713 4249 763 4282 von
782 4232 904 4299 Bdokiug
923 4231 975 4281 und
995 4231 1042 4281 dus
1061 4230 1131 4280 work
1151 4247 1204 4281 von

60 4318 130 4375 :raab
155 4322 223 4372 alles
247 4322 355 4388 norhign
379 4323 524 4384 euthalius,
543 4322 638 4374 bedurl
658 4323 737 4372 kaurn
757 4321 802 4372 der
821 4320 991 4391 erwtthuuug.
1066 4324 1080 4373 2
1100 4319 1205 4393 Litoris]

62 4429 121 4470 usar
139 4411 212 4466 brief
228 4412 340 4468 Huttoas
360 4427 392 4465 aa
414 4408 516 4464 Vadiau
538 4412 574 4463 ist
592 4410 666 4462 nieht
684 4409 810 4464 erbulteu.
