<?xml version="1.0" encoding="UTF-8"?>
<!DOCTYPE html PUBLIC "-//W3C//DTD XHTML 1.0 Transitional//EN"
    "http://www.w3.org/TR/xhtml1/DTD/xhtml1-transitional.dtd">
<html xmlns="http://www.w3.org/1999/xhtml" xml:lang="en" lang="en">
 <head>
  <title>
</title>
<meta http-equiv="Content-Type" content="text/html;charset=utf-8" />
  <meta name='ocr-system' content='tesseract 3.04.00' />
  <meta name='ocr-capabilities' content='ocr_page ocr_carea ocr_par ocr_line ocrx_word'/>
</head>
<body>
  <div class='ocr_page' id='page_1' title='image "./johannreuchlins00reucgoog/johannreuchlins00reucgoog_0149.png"; bbox 0 0 2716 4898; ppageno 0'>
   <div class='ocr_carea' id='block_1_1' title="bbox 649 313 711 380">
    <p class='ocr_par' dir='ltr' id='par_1_1' title="bbox 649 313 711 380">
     <span class='ocr_line' id='line_1_1' title="bbox 649 313 711 380; baseline -0.016 -1"><span class='ocrx_word' id='word_1_1' title='bbox 649 313 711 380; x_wconf 77' lang='lat'><strong>137</strong></span> 
     </span>
    </p>
   </div>
   <div class='ocr_carea' id='block_1_2' title="bbox 91 501 1267 1535">
    <p class='ocr_par' dir='ltr' id='par_1_2' title="bbox 91 501 1267 1535">
     <span class='ocr_line' id='line_1_2' title="bbox 92 501 1265 589; baseline 0.004 -23"><span class='ocrx_word' id='word_1_2' title='bbox 92 507 153 580; x_wconf 88' lang='lat' dir='ltr'><strong>est,</strong></span> <span class='ocrx_word' id='word_1_3' title='bbox 183 501 218 566; x_wconf 89' lang='lat' dir='ltr'><strong>in</strong></span> <span class='ocrx_word' id='word_1_4' title='bbox 249 501 409 586; x_wconf 89' lang='lat' dir='ltr'><strong>principio</strong></span> <span class='ocrx_word' id='word_1_5' title='bbox 440 501 607 586; x_wconf 87' lang='lat' dir='ltr'><strong>cujusdam</strong></span> <span class='ocrx_word' id='word_1_6' title='bbox 630 503 811 569; x_wconf 87' lang='lat' dir='ltr'><strong>Baccalarii</strong></span> <span class='ocrx_word' id='word_1_7' title='bbox 842 506 875 569; x_wconf 91' lang='lat' dir='ltr'><strong>in</strong></span> <span class='ocrx_word' id='word_1_8' title='bbox 907 511 1064 570; x_wconf 89' lang='lat' dir='ltr'><strong>conventu</strong></span> <span class='ocrx_word' id='word_1_9' title='bbox 1094 506 1265 589; x_wconf 89' lang='lat' dir='ltr'><strong>prandium</strong></span> 
     </span>
     <span class='ocr_line' id='line_1_3' title="bbox 91 608 1264 692; baseline 0.002 -19"><span class='ocrx_word' id='word_1_10' title='bbox 91 608 294 692; x_wconf 80' lang='lat' dir='ltr'>sumpsisset,</span> <span class='ocrx_word' id='word_1_11' title='bbox 319 608 489 673; x_wconf 82' lang='lat' dir='ltr'>dicebatur</span> <span class='ocrx_word' id='word_1_12' title='bbox 512 609 671 692; x_wconf 89' lang='lat' dir='ltr'><strong>quomodo</strong></span> <span class='ocrx_word' id='word_1_13' title='bbox 696 610 824 675; x_wconf 85' lang='lat' dir='ltr'><strong>libellus</strong></span> <span class='ocrx_word' id='word_1_14' title='bbox 850 613 885 675; x_wconf 91' lang='lat' dir='ltr'><strong>D.</strong></span> <span class='ocrx_word' id='word_1_15' title='bbox 912 612 946 674; x_wconf 89' lang='lat' dir='ltr'><strong>V.</strong></span> <span class='ocrx_word' id='word_1_16' title='bbox 969 615 977 649; x_wconf 89' lang='lat'><strong>¹</strong></span> <span class='ocrx_word' id='word_1_17' title='bbox 1015 617 1091 674; x_wconf 91' lang='lat' dir='ltr'><strong>actu</strong></span> <span class='ocrx_word' id='word_1_18' title='bbox 1122 611 1264 676; x_wconf 89' lang='lat' dir='ltr'><strong>traditus</strong></span> 
     </span>
     <span class='ocr_line' id='line_1_4' title="bbox 93 713 1266 800; baseline 0.002 -23"><span class='ocrx_word' id='word_1_19' title='bbox 93 719 181 778; x_wconf 86' lang='lat' dir='ltr'><strong>esset</strong></span> <span class='ocrx_word' id='word_1_20' title='bbox 205 735 265 796; x_wconf 89' lang='lat' dir='ltr'><strong>per</strong></span> <span class='ocrx_word' id='word_1_21' title='bbox 288 713 480 778; x_wconf 79' lang='lat' dir='ltr'><strong>facultatem</strong></span> <span class='ocrx_word' id='word_1_22' title='bbox 503 715 636 779; x_wconf 81' lang='lat' dir='ltr'><strong>Doctori</strong></span> <span class='ocrx_word' id='word_1_23' title='bbox 668 716 707 780; x_wconf 88' lang='lat' dir='ltr'><strong>de</strong></span> <span class='ocrx_word' id='word_1_24' title='bbox 732 716 889 799; x_wconf 85' lang='lat' dir='ltr'><strong>Tungaris</strong></span> <span class='ocrx_word' id='word_1_25' title='bbox 907 717 934 796; x_wconf 81' lang='lat'><strong>²,</strong></span> <span class='ocrx_word' id='word_1_26' title='bbox 966 716 1021 800; x_wconf 92' lang='lat' dir='ltr'><strong>qui</strong></span> <span class='ocrx_word' id='word_1_27' title='bbox 1048 717 1117 799; x_wconf 87' lang='lat' dir='ltr'><strong>jam</strong></span> <span class='ocrx_word' id='word_1_28' title='bbox 1149 717 1266 799; x_wconf 87' lang='lat' dir='ltr'><strong>prinoi-</strong></span> 
     </span>
     <span class='ocr_line' id='line_1_5' title="bbox 93 819 1266 902; baseline 0.004 -21"><span class='ocrx_word' id='word_1_29' title='bbox 93 819 177 902; x_wconf 88' lang='lat' dir='ltr'><strong>palis</strong></span> <span class='ocrx_word' id='word_1_30' title='bbox 202 825 375 902; x_wconf 88' lang='lat' dir='ltr'><strong>reputatur</strong></span> <span class='ocrx_word' id='word_1_31' title='bbox 398 819 484 883; x_wconf 91' lang='lat' dir='ltr'><strong>inter</strong></span> <span class='ocrx_word' id='word_1_32' title='bbox 507 819 679 898; x_wconf 87' lang='lat' dir='ltr'><strong>seculares,</strong></span> <span class='ocrx_word' id='word_1_33' title='bbox 694 828 732 886; x_wconf 89' lang='lat' dir='ltr'><strong>ut</strong></span> <span class='ocrx_word' id='word_1_34' title='bbox 756 822 973 900; x_wconf 90' lang='lat' dir='ltr'><strong>examinaret,</strong></span> <span class='ocrx_word' id='word_1_35' title='bbox 1002 823 1086 886; x_wconf 87' lang='lat' dir='ltr'><strong>siout</strong></span> <span class='ocrx_word' id='word_1_36' title='bbox 1118 828 1150 885; x_wconf 91' lang='lat' dir='ltr'><strong>et</strong></span> <span class='ocrx_word' id='word_1_37' title='bbox 1178 821 1266 886; x_wconf 84' lang='lat' dir='ltr'><strong>facit.</strong></span> 
     </span>
     <span class='ocr_line' id='line_1_6' title="bbox 93 924 1267 1012; baseline 0.001 -23"><span class='ocrx_word' id='word_1_38' title='bbox 93 924 175 989; x_wconf 84' lang='lat' dir='ltr'><strong>Sunt</strong></span> <span class='ocrx_word' id='word_1_39' title='bbox 200 924 335 989; x_wconf 84' lang='lat' dir='ltr'><strong>diversae</strong></span> <span class='ocrx_word' id='word_1_40' title='bbox 359 925 536 1004; x_wconf 77' lang='lat' dir='ltr'><strong>sententia,</strong></span> <span class='ocrx_word' id='word_1_41' title='bbox 559 931 596 989; x_wconf 88' lang='lat' dir='ltr'><strong>ut</strong></span> <span class='ocrx_word' id='word_1_42' title='bbox 612 927 731 1005; x_wconf 87' lang='lat' dir='ltr'><strong>audivi,</strong></span> <span class='ocrx_word' id='word_1_43' title='bbox 756 927 897 1012; x_wconf 87' lang='lat' dir='ltr'><strong>quidam,</strong></span> <span class='ocrx_word' id='word_1_44' title='bbox 922 927 995 1010; x_wconf 89' lang='lat' dir='ltr'><strong>quia</strong></span> <span class='ocrx_word' id='word_1_45' title='bbox 1024 925 1154 990; x_wconf 90' lang='lat' dir='ltr'><strong>libellus</strong></span> <span class='ocrx_word' id='word_1_46' title='bbox 1181 948 1267 991; x_wconf 89' lang='lat' dir='ltr'><strong>oom-</strong></span> 
     </span>
     <span class='ocr_line' id='line_1_7' title="bbox 94 1030 1266 1116; baseline 0.002 -22"><span class='ocrx_word' id='word_1_47' title='bbox 94 1030 242 1109; x_wconf 90' lang='lat' dir='ltr'><strong>buretur,</strong></span> <span class='ocrx_word' id='word_1_48' title='bbox 267 1030 407 1114; x_wconf 87' lang='lat' dir='ltr'><strong>quidam,</strong></span> <span class='ocrx_word' id='word_1_49' title='bbox 432 1031 507 1114; x_wconf 90' lang='lat' dir='ltr'><strong>quia</strong></span> <span class='ocrx_word' id='word_1_50' title='bbox 530 1038 626 1095; x_wconf 90' lang='lat' dir='ltr'><strong>antor</strong></span> <span class='ocrx_word' id='word_1_51' title='bbox 648 1032 841 1116; x_wconf 83' lang='lat' dir='ltr'><strong>inquiretur,</strong></span> <span class='ocrx_word' id='word_1_52' title='bbox 865 1032 921 1096; x_wconf 89' lang='lat' dir='ltr'><strong>alii</strong></span> <span class='ocrx_word' id='word_1_53' title='bbox 937 1032 1033 1096; x_wconf 89' lang='lat' dir='ltr'><strong>aliter</strong></span> <span class='ocrx_word' id='word_1_54' title='bbox 1050 1038 1110 1096; x_wconf 88' lang='lat' dir='ltr'><strong>etc.</strong></span> <span class='ocrx_word' id='word_1_55' title='bbox 1143 1031 1266 1114; x_wconf 86' lang='lat' dir='ltr'>Scripsi</span> 
     </span>
     <span class='ocr_line' id='line_1_8' title="bbox 91 1135 1266 1218; baseline 0.002 -20"><span class='ocrx_word' id='word_1_56' title='bbox 91 1135 174 1200; x_wconf 86' lang='lat' dir='ltr'><strong>alias</strong></span> <span class='ocrx_word' id='word_1_57' title='bbox 200 1156 240 1200; x_wconf 86' lang='lat' dir='ltr'><strong>ex</strong></span> <span class='ocrx_word' id='word_1_58' title='bbox 256 1135 421 1218; x_wconf 83' lang='lat' dir='ltr'><strong>Moguntia</strong></span> <span class='ocrx_word' id='word_1_59' title='bbox 444 1137 687 1218; x_wconf 81' lang='lat' dir='ltr'><strong>procuratrici,⁸</strong></span> <span class='ocrx_word' id='word_1_60' title='bbox 708 1143 746 1200; x_wconf 90' lang='lat' dir='ltr'><strong>ut</strong></span> <span class='ocrx_word' id='word_1_61' title='bbox 771 1139 828 1201; x_wconf 90' lang='lat' dir='ltr'><strong>Dn.</strong></span> <span class='ocrx_word' id='word_1_62' title='bbox 848 1137 881 1200; x_wconf 91' lang='lat' dir='ltr'><strong>V.</strong></span> <span class='ocrx_word' id='word_1_63' title='bbox 911 1137 1069 1202; x_wconf 86' lang='lat' dir='ltr'><strong>avisatam</strong></span> <span class='ocrx_word' id='word_1_64' title='bbox 1098 1135 1266 1215; x_wconf 86' lang='lat' dir='ltr'><strong>redderet,</strong></span> 
     </span>
     <span class='ocr_line' id='line_1_9' title="bbox 93 1240 1261 1307; baseline 0.001 -3"><span class='ocrx_word' id='word_1_65' title='bbox 93 1241 180 1306; x_wconf 89' lang='lat' dir='ltr'><strong>sicut</strong></span> <span class='ocrx_word' id='word_1_66' title='bbox 216 1240 314 1306; x_wconf 89' lang='lat' dir='ltr'><strong>oredo</strong></span> <span class='ocrx_word' id='word_1_67' title='bbox 349 1240 434 1305; x_wconf 87' lang='lat' dir='ltr'><strong>fecit.</strong></span> <span class='ocrx_word' id='word_1_68' title='bbox 485 1241 556 1304; x_wconf 92' lang='lat' dir='ltr'><strong>Non</strong></span> <span class='ocrx_word' id='word_1_69' title='bbox 588 1241 700 1306; x_wconf 91' lang='lat' dir='ltr'><strong>dubito</strong></span> <span class='ocrx_word' id='word_1_70' title='bbox 732 1243 797 1307; x_wconf 88' lang='lat' dir='ltr'><strong>ista</strong></span> <span class='ocrx_word' id='word_1_71' title='bbox 829 1249 865 1306; x_wconf 94' lang='lat' dir='ltr'><strong>ut</strong></span> <span class='ocrx_word' id='word_1_72' title='bbox 897 1243 1003 1307; x_wconf 87' lang='lat' dir='ltr'><strong>scribo</strong></span> <span class='ocrx_word' id='word_1_73' title='bbox 1037 1243 1121 1307; x_wconf 91' lang='lat' dir='ltr'><strong>bono</strong></span> <span class='ocrx_word' id='word_1_74' title='bbox 1154 1242 1261 1306; x_wconf 88' lang='lat' dir='ltr'><strong>animo</strong></span> 
     </span>
     <span class='ocr_line' id='line_1_10' title="bbox 92 1345 1260 1429; baseline 0 -17"><span class='ocrx_word' id='word_1_75' title='bbox 92 1346 271 1429; x_wconf 88' lang='lat' dir='ltr'><strong>accipietis.</strong></span> <span class='ocrx_word' id='word_1_76' title='bbox 317 1345 514 1410; x_wconf 80' lang='lat' dir='ltr'><strong>Commendo</strong></span> <span class='ocrx_word' id='word_1_77' title='bbox 545 1367 596 1410; x_wconf 90' lang='lat' dir='ltr'><strong>mc</strong></span> <span class='ocrx_word' id='word_1_78' title='bbox 620 1346 830 1412; x_wconf 86' lang='lat' dir='ltr'><strong>dominationi</strong></span> <span class='ocrx_word' id='word_1_79' title='bbox 860 1355 974 1412; x_wconf 84' lang='lat' dir='ltr'><strong>vestrae</strong></span> <span class='ocrx_word' id='word_1_80' title='bbox 1004 1354 1037 1412; x_wconf 91' lang='lat' dir='ltr'><strong>et</strong></span> <span class='ocrx_word' id='word_1_81' title='bbox 1067 1354 1260 1412; x_wconf 82' lang='lat' dir='ltr'><strong>conventum</strong></span> 
     </span>
     <span class='ocr_line' id='line_1_11' title="bbox 91 1449 1267 1535; baseline 0.002 -20"><span class='ocrx_word' id='word_1_82' title='bbox 91 1451 178 1517; x_wconf 91' lang='lat' dir='ltr'><strong>hunc</strong></span> <span class='ocrx_word' id='word_1_83' title='bbox 203 1452 287 1516; x_wconf 89' lang='lat' dir='ltr'><strong>sicut</strong></span> <span class='ocrx_word' id='word_1_84' title='bbox 309 1452 396 1535; x_wconf 86' lang='lat' dir='ltr'><strong>patri</strong></span> <span class='ocrx_word' id='word_1_85' title='bbox 426 1457 460 1515; x_wconf 86' lang='lat' dir='ltr'><strong>ct</strong></span> <span class='ocrx_word' id='word_1_86' title='bbox 485 1449 672 1517; x_wconf 89' lang='lat' dir='ltr'><strong>fidelissimo</strong></span> <span class='ocrx_word' id='word_1_87' title='bbox 703 1454 803 1517; x_wconf 87' lang='lat' dir='ltr'><strong>tutori</strong></span> <span class='ocrx_word' id='word_1_88' title='bbox 834 1473 872 1516; x_wconf 91' lang='lat' dir='ltr'><strong>ao</strong></span> <span class='ocrx_word' id='word_1_89' title='bbox 897 1454 1009 1517; x_wconf 86' lang='lat' dir='ltr'><strong>amico.</strong></span> <span class='ocrx_word' id='word_1_90' title='bbox 1056 1453 1198 1532; x_wconf 81' lang='lat' dir='ltr'><strong>Curate,</strong></span> <span class='ocrx_word' id='word_1_91' title='bbox 1222 1453 1267 1517; x_wconf 93' lang='lat' dir='ltr'><strong>mi</strong></span> 
     </span>
    </p>
   </div>
   <div class='ocr_carea' id='block_1_3' title="bbox 92 1557 1260 1726">
    <p class='ocr_par' dir='ltr' id='par_1_3' title="bbox 92 1557 1260 1726">
     <span class='ocr_line' id='line_1_12' title="bbox 92 1557 1260 1642; baseline 0.001 -21"><span class='ocrx_word' id='word_1_92' title='bbox 92 1557 227 1635; x_wconf 84' lang='lat' dir='ltr'><strong>doctor,</strong></span> <span class='ocrx_word' id='word_1_93' title='bbox 259 1563 297 1620; x_wconf 89' lang='lat' dir='ltr'><strong>ut</strong></span> <span class='ocrx_word' id='word_1_94' title='bbox 320 1557 402 1621; x_wconf 84' lang='lat' dir='ltr'><strong>bene</strong></span> <span class='ocrx_word' id='word_1_95' title='bbox 426 1558 571 1624; x_wconf 84' lang='lat' dir='ltr'><strong>valeatis.</strong></span> <span class='ocrx_word' id='word_1_96' title='bbox 619 1559 667 1624; x_wconf 86' lang='lat' dir='ltr'><strong>Ex</strong></span> <span class='ocrx_word' id='word_1_97' title='bbox 691 1557 868 1624; x_wconf 86' lang='lat' dir='ltr'><strong>Stainheim</strong></span> <span class='ocrx_word' id='word_1_98' title='bbox 892 1558 1005 1642; x_wconf 89' lang='lat' dir='ltr'><strong>quinta</strong></span> <span class='ocrx_word' id='word_1_99' title='bbox 1028 1564 1102 1641; x_wconf 88' lang='lat' dir='ltr'><strong>post</strong></span> <span class='ocrx_word' id='word_1_100' title='bbox 1126 1558 1260 1624; x_wconf 82' lang='lat' dir='ltr'><strong>Ursulae.</strong></span> 
     </span>
     <span class='ocr_line' id='line_1_13' title="bbox 93 1660 335 1726; baseline 0 0"><span class='ocrx_word' id='word_1_101' title='bbox 93 1663 188 1726; x_wconf 82' lang='lat' dir='ltr'><strong>Anno</strong></span> <span class='ocrx_word' id='word_1_102' title='bbox 214 1660 335 1726; x_wconf 84' lang='lat' dir='ltr'>MDXI.</span> 
     </span>
    </p>
   </div>
   <div class='ocr_carea' id='block_1_4' title="bbox 184 1770 700 1848">
    <p class='ocr_par' dir='ltr' id='par_1_4' title="bbox 184 1770 700 1848">
     <span class='ocr_line' id='line_1_14' title="bbox 184 1770 700 1848; baseline 0.004 -18"><span class='ocrx_word' id='word_1_103' title='bbox 184 1770 350 1830; x_wconf 88' lang='lat' dir='ltr'><strong>Gedruckt:</strong></span> <span class='ocrx_word' id='word_1_104' title='bbox 378 1775 392 1830; x_wconf 93' lang='lat'>1</span> <span class='ocrx_word' id='word_1_105' title='bbox 415 1793 455 1824; x_wconf 92' lang='lat'><strong><em>=</em></strong></span> <span class='ocrx_word' id='word_1_106' title='bbox 472 1773 500 1831; x_wconf 83' lang='lat' dir='ltr'><strong>J.</strong></span> <span class='ocrx_word' id='word_1_107' title='bbox 518 1789 544 1832; x_wconf 88' lang='lat' dir='ltr'><strong>v.</strong></span> <span class='ocrx_word' id='word_1_108' title='bbox 564 1790 588 1832; x_wconf 90' lang='lat' dir='ltr'><strong>e.</strong></span> <span class='ocrx_word' id='word_1_109' title='bbox 606 1792 635 1848; x_wconf 87' lang='lat' dir='ltr'><strong>p.</strong></span> <span class='ocrx_word' id='word_1_110' title='bbox 656 1777 700 1832; x_wconf 75' lang='lat'><strong>2⁸.</strong></span> 
     </span>
    </p>
   </div>
   <div class='ocr_carea' id='block_1_5' title="bbox 168 2014 1229 2184">
    <p class='ocr_par' dir='ltr' id='par_1_5' title="bbox 168 2014 1229 2184">
     <span class='ocr_line' id='line_1_15' title="bbox 621 2014 746 2080; baseline 0.008 -1"><span class='ocrx_word' id='word_1_111' title='bbox 621 2014 746 2080; x_wconf 87' lang='lat' dir='ltr'>CXXX.</span> 
     </span>
     <span class='ocr_line' id='line_1_16' title="bbox 168 2120 1229 2184; baseline 0.004 -15"><span class='ocrx_word' id='word_1_112' title='bbox 168 2120 309 2184; x_wconf 81' lang='lat' dir='ltr'><strong>Stuttgnrt.</strong></span> <span class='ocrx_word' id='word_1_113' title='bbox 1019 2125 1052 2172; x_wconf 83' lang='lat'><strong>28</strong></span> <span class='ocrx_word' id='word_1_114' title='bbox 1071 2124 1129 2174; x_wconf 87' lang='lat' dir='ltr'><strong>Oct.</strong></span> <span class='ocrx_word' id='word_1_115' title='bbox 1152 2124 1229 2173; x_wconf 89' lang='lat'>1511.</span> 
     </span>
    </p>
   </div>
   <div class='ocr_carea' id='block_1_6' title="bbox 93 2231 1268 2456">
    <p class='ocr_par' dir='ltr' id='par_1_6' title="bbox 93 2231 1268 2456">
     <span class='ocr_line' id='line_1_17' title="bbox 93 2231 1268 2334; baseline 0.005 -29"><span class='ocrx_word' id='word_1_116' title='bbox 93 2231 254 2332; x_wconf 77' lang='lat' dir='ltr'><strong>Egregie</strong></span> <span class='ocrx_word' id='word_1_117' title='bbox 273 2232 353 2305; x_wconf 87' lang='lat' dir='ltr'><strong>viro</strong></span> <span class='ocrx_word' id='word_1_118' title='bbox 378 2244 414 2306; x_wconf 88' lang='lat' dir='ltr'><strong>ct</strong></span> <span class='ocrx_word' id='word_1_119' title='bbox 436 2231 742 2306; x_wconf 79' lang='lat' dir='ltr'><strong>excellentissimo</strong></span> <span class='ocrx_word' id='word_1_120' title='bbox 766 2260 881 2308; x_wconf 86' lang='lat' dir='ltr'><strong>sacrae</strong></span> <span class='ocrx_word' id='word_1_121' title='bbox 905 2235 1104 2334; x_wconf 74' lang='lat' dir='ltr'><strong>theologiae</strong></span> <span class='ocrx_word' id='word_1_122' title='bbox 1124 2237 1268 2311; x_wconf 85' lang='lat' dir='ltr'><strong>doctori</strong></span> 
     </span>
     <span class='ocr_line' id='line_1_18' title="bbox 94 2355 1263 2456; baseline 0.003 -27"><span class='ocrx_word' id='word_1_123' title='bbox 94 2355 246 2430; x_wconf 92' lang='lat' dir='ltr'><strong>domino</strong></span> <span class='ocrx_word' id='word_1_124' title='bbox 256 2356 304 2430; x_wconf 87' lang='lat' dir='ltr'><strong>N.</strong></span> <span class='ocrx_word' id='word_1_125' title='bbox 327 2357 372 2430; x_wconf 90' lang='lat' dir='ltr'><strong>de</strong></span> <span class='ocrx_word' id='word_1_126' title='bbox 384 2356 567 2454; x_wconf 82' lang='lat' dir='ltr'><strong>Tungaris</strong></span> <span class='ocrx_word' id='word_1_127' title='bbox 587 2356 624 2428; x_wconf 89' lang='lat' dir='ltr'><strong>in</strong></span> <span class='ocrx_word' id='word_1_128' title='bbox 637 2357 934 2456; x_wconf 87' lang='lat' dir='ltr'><strong>splendidissima</strong></span> <span class='ocrx_word' id='word_1_129' title='bbox 949 2357 1162 2434; x_wconf 78' lang='lat' dir='ltr'><strong>Coloniensi</strong></span> <span class='ocrx_word' id='word_1_130' title='bbox 1180 2360 1263 2433; x_wconf 90' lang='lat' dir='ltr'><strong>uni-</strong></span> 
     </span>
    </p>
   </div>
   <div class='ocr_carea' id='block_1_7' title="bbox 93 2479 1261 2706">
    <p class='ocr_par' dir='ltr' id='par_1_7' title="bbox 93 2479 1261 2706">
     <span class='ocr_line' id='line_1_19' title="bbox 93 2479 1261 2582; baseline 0.004 -31"><span class='ocrx_word' id='word_1_131' title='bbox 93 2480 266 2582; x_wconf 84' lang='lat' dir='ltr'><strong>versitate</strong></span> <span class='ocrx_word' id='word_1_132' title='bbox 275 2479 491 2574; x_wconf 82' lang='lat' dir='ltr'><strong>cathedram</strong></span> <span class='ocrx_word' id='word_1_133' title='bbox 509 2480 821 2554; x_wconf 87' lang='lat' dir='ltr'><strong>sanctissimarum</strong></span> <span class='ocrx_word' id='word_1_134' title='bbox 838 2481 1102 2580; x_wconf 86' lang='lat' dir='ltr'><strong>scripturarum</strong></span> <span class='ocrx_word' id='word_1_135' title='bbox 1122 2483 1261 2556; x_wconf 88' lang='lat' dir='ltr'><strong>tenenti</strong></span> 
     </span>
     <span class='ocr_line' id='line_1_20' title="bbox 95 2601 1261 2706; baseline 0 -30"><span class='ocrx_word' id='word_1_136' title='bbox 95 2601 246 2676; x_wconf 86' lang='lat' dir='ltr'><strong>domino</strong></span> <span class='ocrx_word' id='word_1_137' title='bbox 266 2628 330 2675; x_wconf 90' lang='lat' dir='ltr'><strong>suo</strong></span> <span class='ocrx_word' id='word_1_138' title='bbox 352 2628 464 2701; x_wconf 89' lang='lat' dir='ltr'><strong>quam</strong></span> <span class='ocrx_word' id='word_1_139' title='bbox 483 2601 817 2676; x_wconf 81' lang='lat' dir='ltr'><strong>observandissimo</strong></span> <span class='ocrx_word' id='word_1_140' title='bbox 840 2602 880 2706; x_wconf 80' lang='lat' dir='ltr'><strong>[J</strong></span> <span class='ocrx_word' id='word_1_141' title='bbox 881 2605 1044 2677; x_wconf 87' lang='lat' dir='ltr'><strong>ohannes</strong></span> <span class='ocrx_word' id='word_1_142' title='bbox 1062 2603 1261 2706; x_wconf 83' lang='lat' dir='ltr'><strong>Reuchlin]</strong></span> 
     </span>
    </p>
   </div>
   <div class='ocr_carea' id='block_1_8' title="bbox 585 2724 784 2800">
    <p class='ocr_par' dir='ltr' id='par_1_8' title="bbox 585 2724 784 2800">
     <span class='ocr_line' id='line_1_21' title="bbox 585 2724 784 2800; baseline -0.015 0"><span class='ocrx_word' id='word_1_143' title='bbox 585 2724 622 2800; x_wconf 76' lang='lat' dir='ltr'><strong>S.</strong></span> <span class='ocrx_word' id='word_1_144' title='bbox 646 2726 690 2799; x_wconf 92' lang='lat' dir='ltr'><strong>D.</strong></span> <span class='ocrx_word' id='word_1_145' title='bbox 713 2724 784 2798; x_wconf 78' lang='grc' dir='ltr'><strong>Ρ.4</strong></span> 
     </span>
    </p>
   </div>
   <div class='ocr_carea' id='block_1_9' title="bbox 84 2889 1267 3925">
    <p class='ocr_par' dir='ltr' id='par_1_9' title="bbox 84 2889 1267 3925">
     <span class='ocr_line' id='line_1_22' title="bbox 181 2889 1265 2973; baseline 0.003 -20"><span class='ocrx_word' id='word_1_146' title='bbox 181 2890 319 2972; x_wconf 79' lang='lat' dir='ltr'><strong>Egregia</strong></span> <span class='ocrx_word' id='word_1_147' title='bbox 348 2895 406 2955; x_wconf 91' lang='lat' dir='ltr'><strong>tua</strong></span> <span class='ocrx_word' id='word_1_148' title='bbox 435 2889 537 2954; x_wconf 87' lang='lat' dir='ltr'><strong>virtus</strong></span> <span class='ocrx_word' id='word_1_149' title='bbox 568 2895 601 2954; x_wconf 87' lang='lat' dir='ltr'><strong>et</strong></span> <span class='ocrx_word' id='word_1_150' title='bbox 630 2889 803 2973; x_wconf 84' lang='lat' dir='ltr'><strong>sapientia,</strong></span> <span class='ocrx_word' id='word_1_151' title='bbox 836 2890 1106 2956; x_wconf 79' lang='lat' dir='ltr'><strong>excellentissime</strong></span> <span class='ocrx_word' id='word_1_152' title='bbox 1139 2891 1265 2970; x_wconf 90' lang='lat' dir='ltr'><strong>doctor,</strong></span> 
     </span>
     <span class='ocr_line' id='line_1_23' title="bbox 96 2995 1265 3078; baseline 0.003 -19"><span class='ocrx_word' id='word_1_153' title='bbox 96 3016 155 3078; x_wconf 91' lang='lat' dir='ltr'><strong>qua</strong></span> <span class='ocrx_word' id='word_1_154' title='bbox 179 2995 213 3059; x_wconf 91' lang='lat' dir='ltr'><strong>in</strong></span> <span class='ocrx_word' id='word_1_155' title='bbox 238 3001 305 3059; x_wconf 89' lang='lat' dir='ltr'><strong>tam</strong></span> <span class='ocrx_word' id='word_1_156' title='bbox 328 2995 447 3061; x_wconf 90' lang='lat' dir='ltr'><strong>illustri</strong></span> <span class='ocrx_word' id='word_1_157' title='bbox 469 2995 611 3060; x_wconf 91' lang='lat' dir='ltr'><strong>omnium</strong></span> <span class='ocrx_word' id='word_1_158' title='bbox 633 2995 791 3059; x_wconf 90' lang='lat' dir='ltr'><strong>bonarum</strong></span> <span class='ocrx_word' id='word_1_159' title='bbox 816 2995 1035 3061; x_wconf 80' lang='lat' dir='ltr'><strong>doctrinarum</strong></span> <span class='ocrx_word' id='word_1_160' title='bbox 1051 2997 1265 3062; x_wconf 86' lang='lat' dir='ltr'><strong>universitate</strong></span> 
     </span>
     <span class='ocr_line' id='line_1_24' title="bbox 96 3100 1262 3186; baseline 0.004 -24"><span class='ocrx_word' id='word_1_161' title='bbox 96 3106 127 3164; x_wconf 92' lang='lat' dir='ltr'><strong>ut</strong></span> <span class='ocrx_word' id='word_1_162' title='bbox 150 3100 200 3165; x_wconf 90' lang='lat' dir='ltr'><strong>sol</strong></span> <span class='ocrx_word' id='word_1_163' title='bbox 226 3101 339 3180; x_wconf 88' lang='lat' dir='ltr'><strong>astris,</strong></span> <span class='ocrx_word' id='word_1_164' title='bbox 371 3102 416 3166; x_wconf 92' lang='lat' dir='ltr'><strong>sic</strong></span> <span class='ocrx_word' id='word_1_165' title='bbox 445 3108 481 3164; x_wconf 92' lang='lat' dir='ltr'><strong>tu</strong></span> <span class='ocrx_word' id='word_1_166' title='bbox 513 3101 654 3184; x_wconf 88' lang='lat' dir='ltr'><strong>optimus</strong></span> <span class='ocrx_word' id='word_1_167' title='bbox 686 3101 866 3186; x_wconf 88' lang='lat' dir='ltr'><strong>quibusque</strong></span> <span class='ocrx_word' id='word_1_168' title='bbox 901 3109 1052 3185; x_wconf 70' lang='lat' dir='ltr'><strong>praestas,</strong></span> <span class='ocrx_word' id='word_1_169' title='bbox 1081 3103 1114 3167; x_wconf 91' lang='lat' dir='ltr'><strong>id</strong></span> <span class='ocrx_word' id='word_1_170' title='bbox 1145 3104 1262 3168; x_wconf 88' lang='lat' dir='ltr'><strong>merito</strong></span> 
     </span>
     <span class='ocr_line' id='line_1_25' title="bbox 96 3198 1267 3292; baseline 0.003 -23"><span class='ocrx_word' id='word_1_171' title='bbox 96 3209 146 3270; x_wconf 92' lang='lat' dir='ltr'><strong>tuo</strong></span> <span class='ocrx_word' id='word_1_172' title='bbox 171 3207 251 3270; x_wconf 88' lang='lat' dir='ltr'><strong>fecit</strong></span> <span class='ocrx_word' id='word_1_173' title='bbox 267 3206 289 3285; x_wconf 84' lang='lat'><strong>⁵,</strong></span> <span class='ocrx_word' id='word_1_174' title='bbox 312 3198 400 3290; x_wconf 83' lang='lat' dir='ltr'><strong>quod</strong></span> <span class='ocrx_word' id='word_1_175' title='bbox 420 3228 523 3289; x_wconf 91' lang='lat' dir='ltr'><strong>nuper</strong></span> <span class='ocrx_word' id='word_1_176' title='bbox 539 3205 734 3271; x_wconf 89' lang='lat' dir='ltr'><strong>defensionis</strong></span> <span class='ocrx_word' id='word_1_177' title='bbox 758 3227 835 3271; x_wconf 70' lang='lat' dir='ltr'><strong>meur</strong></span> <span class='ocrx_word' id='word_1_178' title='bbox 860 3213 973 3272; x_wconf 88' lang='lat' dir='ltr'><strong>contra</strong></span> <span class='ocrx_word' id='word_1_179' title='bbox 993 3209 1139 3273; x_wconf 88' lang='lat' dir='ltr'><strong>libellum</strong></span> <span class='ocrx_word' id='word_1_180' title='bbox 1162 3231 1267 3292; x_wconf 91' lang='lat' dir='ltr'><strong>quen-</strong></span> 
     </span>
     <span class='ocr_line' id='line_1_26' title="bbox 95 3310 1267 3395; baseline 0.003 -21"><span class='ocrx_word' id='word_1_181' title='bbox 95 3310 166 3377; x_wconf 88' lang='lat' dir='ltr'><strong>dam</strong></span> <span class='ocrx_word' id='word_1_182' title='bbox 190 3313 351 3377; x_wconf 88' lang='lat' dir='ltr'><strong>famosum</strong></span> <span class='ocrx_word' id='word_1_183' title='bbox 374 3312 530 3377; x_wconf 89' lang='lat' dir='ltr'><strong>adversus</strong></span> <span class='ocrx_word' id='word_1_184' title='bbox 553 3333 604 3376; x_wconf 89' lang='lat' dir='ltr'><strong>me</strong></span> <span class='ocrx_word' id='word_1_185' title='bbox 628 3313 768 3395; x_wconf 89' lang='lat' dir='ltr'><strong>turpiter</strong></span> <span class='ocrx_word' id='word_1_186' title='bbox 792 3313 915 3377; x_wconf 87' lang='lat' dir='ltr'><strong>editum</strong></span> <span class='ocrx_word' id='word_1_187' title='bbox 939 3335 1067 3392; x_wconf 91' lang='lat' dir='ltr'><strong>censor,</strong></span> <span class='ocrx_word' id='word_1_188' title='bbox 1096 3319 1134 3377; x_wconf 88' lang='lat' dir='ltr'><strong>ut</strong></span> <span class='ocrx_word' id='word_1_189' title='bbox 1157 3314 1267 3393; x_wconf 87' lang='lat' dir='ltr'><strong>audin,</strong></span> 
     </span>
     <span class='ocr_line' id='line_1_27' title="bbox 94 3402 1266 3502; baseline 0.001 -22"><span class='ocrx_word' id='word_1_190' title='bbox 94 3437 109 3480; x_wconf 89' lang='lat' dir='ltr'><strong>a</strong></span> <span class='ocrx_word' id='word_1_191' title='bbox 141 3402 325 3483; x_wconf 87' lang='lat' dir='ltr'><strong>reverendo</strong></span> <span class='ocrx_word' id='word_1_192' title='bbox 358 3418 610 3482; x_wconf 89' lang='lat' dir='ltr'><strong>clarissimorum</strong></span> <span class='ocrx_word' id='word_1_193' title='bbox 646 3418 870 3502; x_wconf 83' lang='lat' dir='ltr'><strong>theologorum</strong></span> <span class='ocrx_word' id='word_1_194' title='bbox 907 3418 1041 3500; x_wconf 81' lang='lat' dir='ltr'><strong>collegio</strong></span> <span class='ocrx_word' id='word_1_195' title='bbox 1078 3419 1121 3482; x_wconf 91' lang='lat' dir='ltr'><strong>sis</strong></span> <span class='ocrx_word' id='word_1_196' title='bbox 1158 3419 1266 3483; x_wconf 90' lang='lat' dir='ltr'><strong>datus.</strong></span> 
     </span>
     <span class='ocr_line' id='line_1_28' title="bbox 93 3521 1265 3607; baseline -0.003 -18"><span class='ocrx_word' id='word_1_197' title='bbox 93 3521 159 3602; x_wconf 80' lang='lat' dir='ltr'><strong>Quo</strong></span> <span class='ocrx_word' id='word_1_198' title='bbox 191 3523 289 3606; x_wconf 91' lang='lat' dir='ltr'><strong>plane</strong></span> <span class='ocrx_word' id='word_1_199' title='bbox 319 3521 444 3606; x_wconf 81' lang='lat' dir='ltr'><strong>gaudeo</strong></span> <span class='ocrx_word' id='word_1_200' title='bbox 475 3531 507 3588; x_wconf 91' lang='lat' dir='ltr'><strong>te</strong></span> <span class='ocrx_word' id='word_1_201' title='bbox 535 3522 614 3587; x_wconf 85' lang='lat' dir='ltr'><strong>mihi</strong></span> <span class='ocrx_word' id='word_1_202' title='bbox 641 3523 739 3588; x_wconf 91' lang='lat' dir='ltr'><strong>talem</strong></span> <span class='ocrx_word' id='word_1_203' title='bbox 773 3530 963 3606; x_wconf 88' lang='lat' dir='ltr'><strong>tantumque</strong></span> <span class='ocrx_word' id='word_1_204' title='bbox 992 3523 1184 3605; x_wconf 82' lang='lat' dir='ltr'><strong>contigisse,</strong></span> <span class='ocrx_word' id='word_1_205' title='bbox 1209 3523 1265 3607; x_wconf 92' lang='lat' dir='ltr'><strong>qui</strong></span> 
     </span>
     <span class='ocr_line' id='line_1_29' title="bbox 88 3627 1267 3712; baseline -0.002 -17"><span class='ocrx_word' id='word_1_206' title='bbox 88 3629 235 3710; x_wconf 80' lang='lat' dir='ltr'><strong>posses⁶</strong></span> <span class='ocrx_word' id='word_1_207' title='bbox 264 3631 404 3712; x_wconf 88' lang='lat' dir='ltr'><strong>compati</strong></span> <span class='ocrx_word' id='word_1_208' title='bbox 428 3630 575 3694; x_wconf 88' lang='lat' dir='ltr'><strong>humanis</strong></span> <span class='ocrx_word' id='word_1_209' title='bbox 599 3627 860 3707; x_wconf 86' lang='lat' dir='ltr'><strong>infirmitatibus,</strong></span> <span class='ocrx_word' id='word_1_210' title='bbox 889 3629 993 3692; x_wconf 88' lang='lat' dir='ltr'><strong>virum</strong></span> <span class='ocrx_word' id='word_1_211' title='bbox 1022 3634 1090 3692; x_wconf 88' lang='lat' dir='ltr'><strong>tam</strong></span> <span class='ocrx_word' id='word_1_212' title='bbox 1123 3628 1267 3710; x_wconf 88' lang='lat' dir='ltr'><strong>doctum,</strong></span> 
     </span>
     <span class='ocr_line' id='line_1_30' title="bbox 87 3718 1264 3818; baseline 0 -18"><span class='ocrx_word' id='word_1_213' title='bbox 87 3737 157 3800; x_wconf 89' lang='lat' dir='ltr'><strong>tam</strong></span> <span class='ocrx_word' id='word_1_214' title='bbox 182 3718 334 3818; x_wconf 84' lang='lat' dir='ltr'><strong>peritum,</strong></span> <span class='ocrx_word' id='word_1_215' title='bbox 359 3741 393 3799; x_wconf 87' lang='lat' dir='ltr'><strong>et</strong></span> <span class='ocrx_word' id='word_1_216' title='bbox 415 3735 499 3800; x_wconf 82' lang='lat' dir='ltr'><strong>sorte</strong></span> <span class='ocrx_word' id='word_1_217' title='bbox 522 3736 555 3798; x_wconf 92' lang='lat' dir='ltr'><strong>in</strong></span> <span class='ocrx_word' id='word_1_218' title='bbox 579 3736 645 3798; x_wconf 88' lang='lat' dir='ltr'><strong>vita</strong></span> <span class='ocrx_word' id='word_1_219' title='bbox 668 3734 779 3798; x_wconf 90' lang='lat' dir='ltr'><strong>multis</strong></span> <span class='ocrx_word' id='word_1_220' title='bbox 804 3755 931 3818; x_wconf 89' lang='lat' dir='ltr'><strong>quoque</strong></span> <span class='ocrx_word' id='word_1_221' title='bbox 962 3735 1150 3799; x_wconf 88' lang='lat' dir='ltr'><strong>mortalium</strong></span> <span class='ocrx_word' id='word_1_222' title='bbox 1179 3737 1264 3818; x_wconf 91' lang='lat' dir='ltr'><strong>peri·</strong></span> 
     </span>
     <span class='ocr_line' id='line_1_31' title="bbox 84 3840 1260 3925; baseline 0.002 -21"><span class='ocrx_word' id='word_1_223' title='bbox 84 3841 170 3906; x_wconf 86' lang='lat' dir='ltr'><strong>culis</strong></span> <span class='ocrx_word' id='word_1_224' title='bbox 195 3846 391 3924; x_wconf 88' lang='lat' dir='ltr'><strong>temptatum</strong></span> <span class='ocrx_word' id='word_1_225' title='bbox 409 3841 430 3906; x_wconf 82' lang='lat'><strong>⁷.</strong></span> <span class='ocrx_word' id='word_1_226' title='bbox 476 3841 540 3907; x_wconf 92' lang='lat' dir='ltr'><strong>Ubi</strong></span> <span class='ocrx_word' id='word_1_227' title='bbox 555 3862 613 3924; x_wconf 90' lang='lat' dir='ltr'><strong>pro</strong></span> <span class='ocrx_word' id='word_1_228' title='bbox 630 3847 687 3905; x_wconf 92' lang='lat' dir='ltr'><strong>tua</strong></span> <span class='ocrx_word' id='word_1_229' title='bbox 704 3840 894 3904; x_wconf 84' lang='lat' dir='ltr'><strong>exuberanti</strong></span> <span class='ocrx_word' id='word_1_230' title='bbox 909 3842 1109 3925; x_wconf 87' lang='lat' dir='ltr'><strong>perspicacia</strong></span> <span class='ocrx_word' id='word_1_231' title='bbox 1125 3841 1260 3920; x_wconf 88' lang='lat' dir='ltr'><strong>videbis,</strong></span> 
     </span>
    </p>
   </div>
   <div class='ocr_carea' id='block_1_10' title="bbox 674 3987 691 4025">
    <p class='ocr_par' dir='ltr' id='par_1_10' title="bbox 674 3987 691 4025">
     <span class='ocr_line' id='line_1_32' title="bbox 674 3987 691 4025; baseline 0 0"><span class='ocrx_word' id='word_1_232' title='bbox 674 3987 691 4025; x_wconf 69' lang='lat' dir='ltr'>ss</span> 
     </span>
    </p>
   </div>
   <div class='ocr_carea' id='block_1_11' title="bbox 82 4073 1269 4498">
    <p class='ocr_par' dir='ltr' id='par_1_11' title="bbox 82 4073 1269 4498">
     <span class='ocr_line' id='line_1_33' title="bbox 163 4073 1269 4141; baseline -0.005 -13"><span class='ocrx_word' id='word_1_233' title='bbox 163 4084 175 4128; x_wconf 95' lang='lat'>1</span> <span class='ocrx_word' id='word_1_234' title='bbox 200 4076 397 4127; x_wconf 85' lang='lat' dir='ltr'><strong>Dominationis</strong></span> <span class='ocrx_word' id='word_1_235' title='bbox 421 4084 522 4126; x_wconf 80' lang='grc'>1111111.</span> <span class='ocrx_word' id='word_1_236' title='bbox 596 4080 610 4125; x_wconf 84' lang='lat'>2</span> <span class='ocrx_word' id='word_1_237' title='bbox 631 4076 731 4126; x_wconf 84' lang='lat' dir='ltr'><strong>Arnold</strong></span> <span class='ocrx_word' id='word_1_238' title='bbox 754 4092 779 4124; x_wconf 88' lang='lat' dir='ltr'><strong>v.</strong></span> <span class='ocrx_word' id='word_1_239' title='bbox 800 4077 939 4141; x_wconf 85' lang='lat' dir='ltr'><strong>Tungern,</strong></span> <span class='ocrx_word' id='word_1_240' title='bbox 964 4075 1017 4140; x_wconf 86' lang='lat' dir='ltr'><strong>vgl.</strong></span> <span class='ocrx_word' id='word_1_241' title='bbox 1042 4074 1163 4140; x_wconf 72' lang='lat' dir='ltr'><strong>Btcking</strong></span> <span class='ocrx_word' id='word_1_242' title='bbox 1182 4073 1269 4140; x_wconf 87' lang='lat' dir='ltr'><strong>suppl.</strong></span> 
     </span>
     <span class='ocr_line' id='line_1_34' title="bbox 82 4159 1269 4233; baseline -0.003 -17"><span class='ocrx_word' id='word_1_243' title='bbox 82 4164 118 4229; x_wconf 87' lang='lat'><strong>11,</strong></span> <span class='ocrx_word' id='word_1_244' title='bbox 141 4183 167 4233; x_wconf 90' lang='lat' dir='ltr'><strong>p.</strong></span> <span class='ocrx_word' id='word_1_245' title='bbox 194 4168 256 4216; x_wconf 80' lang='lat'><strong>490.</strong></span> <span class='ocrx_word' id='word_1_246' title='bbox 330 4168 345 4214; x_wconf 84' lang='lat'><strong>3</strong></span> <span class='ocrx_word' id='word_1_247' title='bbox 374 4167 436 4214; x_wconf 87' lang='lat' dir='ltr'><strong>Wer</strong></span> <span class='ocrx_word' id='word_1_248' title='bbox 461 4166 533 4214; x_wconf 87' lang='lat' dir='ltr'><strong>‹liesc</strong></span> <span class='ocrx_word' id='word_1_249' title='bbox 558 4165 742 4215; x_wconf 83' lang='lat' dir='ltr'><strong>beschlitzerin</strong></span> <span class='ocrx_word' id='word_1_250' title='bbox 775 4163 920 4213; x_wconf 79' lang='lat' dir='ltr'><strong>Reuclilins</strong></span> <span class='ocrx_word' id='word_1_251' title='bbox 946 4165 993 4224; x_wconf 85' lang='lat' dir='ltr'><strong>ist,</strong></span> <span class='ocrx_word' id='word_1_252' title='bbox 1023 4159 1090 4211; x_wconf 84' lang='lat' dir='ltr'><strong>weill</strong></span> <span class='ocrx_word' id='word_1_253' title='bbox 1116 4163 1158 4212; x_wconf 92' lang='lat' dir='ltr'><strong>ich</strong></span> <span class='ocrx_word' id='word_1_254' title='bbox 1186 4162 1269 4213; x_wconf 87' lang='lat' dir='ltr'><strong>nicht.</strong></span> 
     </span>
     <span class='ocr_line' id='line_1_35' title="bbox 83 4249 1269 4315; baseline -0.003 -10"><span class='ocrx_word' id='word_1_255' title='bbox 83 4256 202 4306; x_wconf 79' lang='grc'>4011111</span> <span class='ocrx_word' id='word_1_256' title='bbox 221 4253 364 4304; x_wconf 78' lang='lat' dir='ltr'><strong>aufschrift</strong></span> <span class='ocrx_word' id='word_1_257' title='bbox 387 4259 407 4303; x_wconf 88' lang='lat' dir='ltr'><strong>l.</strong></span> <span class='ocrx_word' id='word_1_258' title='bbox 443 4253 562 4302; x_wconf 62' lang='lat' dir='ltr'><strong>«Ioannes</strong></span> <span class='ocrx_word' id='word_1_259' title='bbox 582 4254 711 4304; x_wconf 86' lang='lat' dir='ltr'><strong>Reuchlin</strong></span> <span class='ocrx_word' id='word_1_260' title='bbox 730 4253 888 4302; x_wconf 88' lang='lat' dir='ltr'><strong>Phorcensis</strong></span> <span class='ocrx_word' id='word_1_261' title='bbox 908 4250 959 4299; x_wconf 69' lang='lat' dir='ltr'><strong>Lu.</strong></span> <span class='ocrx_word' id='word_1_262' title='bbox 980 4249 1036 4299; x_wconf 86' lang='lat' dir='ltr'><strong>doc.</strong></span> <span class='ocrx_word' id='word_1_263' title='bbox 1058 4251 1166 4315; x_wconf 87' lang='lat' dir='ltr'><strong>egregio</strong></span> <span class='ocrx_word' id='word_1_264' title='bbox 1186 4266 1269 4301; x_wconf 86' lang='grc'>111111</span> 
     </span>
     <span class='ocr_line' id='line_1_36' title="bbox 84 4322 1269 4408; baseline -0.003 -17"><span class='ocrx_word' id='word_1_265' title='bbox 84 4342 233 4408; x_wconf 72' lang='lat' dir='ltr'><strong>theologice</strong></span> <span class='ocrx_word' id='word_1_266' title='bbox 255 4341 356 4391; x_wconf 86' lang='lat' dir='ltr'><strong>doctori</strong></span> <span class='ocrx_word' id='word_1_267' title='bbox 383 4342 415 4390; x_wconf 87' lang='lat' dir='ltr'><strong>do</strong></span> <span class='ocrx_word' id='word_1_268' title='bbox 434 4342 567 4406; x_wconf 84' lang='lat' dir='ltr'><strong>&#39;l&#39;ungaris</strong></span> <span class='ocrx_word' id='word_1_269' title='bbox 589 4342 613 4391; x_wconf 85' lang='lat' dir='ltr'><strong>S.</strong></span> <span class='ocrx_word' id='word_1_270' title='bbox 634 4344 668 4392; x_wconf 90' lang='lat' dir='ltr'><strong>D.</strong></span> <span class='ocrx_word' id='word_1_271' title='bbox 690 4344 718 4391; x_wconf 86' lang='lat' dir='ltr'><strong>P.</strong></span> <span class='ocrx_word' id='word_1_272' title='bbox 739 4346 763 4390; x_wconf 77' lang='lat'><strong>2.</strong></span> <span class='ocrx_word' id='word_1_273' title='bbox 837 4340 948 4388; x_wconf 69' lang='lat' dir='ltr'><strong>suanir</strong></span> <span class='ocrx_word' id='word_1_274' title='bbox 971 4345 991 4387; x_wconf 88' lang='lat'><strong>1.</strong></span> <span class='ocrx_word' id='word_1_275' title='bbox 1017 4322 1075 4388; x_wconf 86' lang='lat' dir='ltr'><strong>inec</strong></span> <span class='ocrx_word' id='word_1_276' title='bbox 1096 4337 1150 4387; x_wconf 86' lang='lat' dir='ltr'><strong>und</strong></span> <span class='ocrx_word' id='word_1_277' title='bbox 1174 4339 1269 4389; x_wconf 90' lang='lat' dir='ltr'><strong>durch·</strong></span> 
     </span>
     <span class='ocr_line' id='line_1_37' title="bbox 86 4427 1268 4498; baseline -0.001 -18"><span class='ocrx_word' id='word_1_278' title='bbox 86 4430 192 4498; x_wconf 67' lang='lat' dir='ltr'><strong>gungig</strong></span> <span class='ocrx_word' id='word_1_279' title='bbox 212 4431 326 4482; x_wconf 79' lang='grc'>111111</span> <span class='ocrx_word' id='word_1_280' title='bbox 350 4435 370 4480; x_wconf 90' lang='lat' dir='ltr'><strong>l.</strong></span> <span class='ocrx_word' id='word_1_281' title='bbox 438 4433 452 4482; x_wconf 86' lang='grc'><strong>6</strong></span> <span class='ocrx_word' id='word_1_282' title='bbox 473 4432 564 4482; x_wconf 81' lang='lat' dir='ltr'><strong>Possis</strong></span> <span class='ocrx_word' id='word_1_283' title='bbox 585 4433 609 4483; x_wconf 76' lang='lat'><strong>2.</strong></span> <span class='ocrx_word' id='word_1_284' title='bbox 684 4429 871 4480; x_wconf 80' lang='lat' dir='ltr'><strong>7Mortaliom</strong></span> <span class='ocrx_word' id='word_1_285' title='bbox 892 4427 1062 4497; x_wconf 77' lang='lat' dir='ltr'><strong>suegelassen</strong></span> <span class='ocrx_word' id='word_1_286' title='bbox 1077 4431 1091 4477; x_wconf 77' lang='lat'>1</span> <span class='ocrx_word' id='word_1_287' title='bbox 1106 4432 1232 4480; x_wconf 84' lang='lat' dir='ltr'><strong>tentatum</strong></span> <span class='ocrx_word' id='word_1_288' title='bbox 1245 4431 1268 4479; x_wconf 83' lang='lat'><strong>2·</strong></span> 
     </span>
    </p>
   </div>
   <div class='ocr_carea' id='block_1_12' title="bbox 0 0 1366 4898">
    <p class='ocr_par' dir='ltr' id='par_1_12' title="bbox 0 0 1366 4898">
     <span class='ocr_line' id='line_1_38' title="bbox 0 0 1366 4898; baseline 0 0"><span class='ocrx_word' id='word_1_289' title='bbox 0 0 1366 4898; x_wconf 95' lang='lat' dir='ltr'><strong> </strong></span> 
     </span>
    </p>
   </div>
  </div>
 </body>
</html>
