2716 4898
615 301 681 368 263

464 480 473 493 ’
571 488 723 558 CCXXX.

130 581 274 647 Stuttgart.
986 585 1020 632 24
1039 581 1097 633 Oct.
1121 585 1195 636 1516.

56 665 384 745 Excellentissimo
411 665 524 742 studii
547 665 764 744 Viennensis
791 669 1023 746 noviciorum
1042 673 1235 772 gymnasi-‘

57 793 186 868 archae
196 791 350 867 domino
365 789 537 866 Vadiano
551 790 798 866 studiosorum
813 790 973 893 principi
990 805 1026 867 ct
1044 792 1234 870 literarum

105 913 332 1015 ¹legislatori
349 914 570 990 amicissimo
589 942 655 990 suo
674 920 685 968 t
705 914 779 1017 [Jo.
799 914 998 1018 Reuchliu]
1017 942 1044 990 s.
1062 916 1101 991 d.
1122 945 1159 1018 p.

152 1060 258 1126 Crede
280 1060 368 1142 mibi,
391 1061 492 1126 tantis
520 1081 591 1126 sum
621 1060 760 1127 obrutus
783 1062 936 1145 negociis,
964 1067 1002 1128 ut
1032 1063 1230 1147 elegantissi-

57 1166 119 1233 mis
154 1167 221 1234 tuis
257 1166 362 1234 literis
396 1187 437 1232 ne
468 1166 608 1232 barbare
644 1165 792 1252 quidem,
816 1172 851 1231 ut
897 1166 996 1248 soleo,
1032 1167 1229 1252 respondere

58 1294 145 1338 nunc
175 1272 307 1357 possim.
361 1272 467 1351 Quare
498 1271 604 1336 tolera
631 1272 816 1337 humaniter
844 1273 1084 1338 excusationem
1114 1294 1229 1355 meam,

58 1378 198 1463 posthac
220 1382 333 1443 nostra
355 1376 479 1443 videbis
502 1376 721 1443 abundantius
737 1377 788 1442 vel
803 1377 931 1444 libellos
949 1379 968 1421 ²·
991 1378 1108 1463 quibus
1134 1378 1231 1445 suda·

58 1503 131 1548 mus
155 1484 188 1548 in
212 1483 384 1569 praesentia
407 1482 494 1548 haud
517 1484 667 1566 segniter.
714 1484 858 1566 Expecto
883 1484 1027 1568 quotidie
1052 1485 1230 1550 Romanam

58 1588 271 1667 sententiam,
301 1589 426 1654 utinam
455 1609 515 1673 pro
547 1588 640 1654 nobis
671 1595 705 1653 et
735 1611 795 1672 pro
819 1589 957 1654 veritate
982 1588 1228 1655 decernendam.

60 1694 152 1759 Tunc
174 1692 327 1759 liberiore
359 1715 441 1758 rena
472 1693 514 1759 ad
538 1701 570 1759 tc
596 1701 629 1759 et
662 1693 748 1759 alios
766 1693 843 1758 mihi
876 1694 1019 1771 deditos,
1052 1695 1230 1761 auxiliante

59 1801 137 1880 Deo,
150 1799 361 1884 perscribam.
393 1798 482 1864 Vale.
492 1798 712 1884 Stuttgardiae,
730 1799 808 1864 9Kl.
824 1799 1015 1864 Novembris
1030 1820 1114 1864 auno
1134 1805 1228 1865 1516.

454 1906 596 1971 Joanues
620 1906 777 1971 Reuchliu
801 1905 992 1971 Phorcensis
1017 1904 1079 1969 LL.
1105 1906 1182 1970 Doc.

146 2030 326 2091 Handschr.:
355 2037 369 2091 1
389 2052 430 2089 =
447 2033 653 2092 Vadiauischer
667 2032 863 2094 brieiweohsel
883 2032 930 2093 bd.
952 2037 979 2091 1.
996 2050 1019 2091 s.
1038 2035 1077 2092 81
1097 2033 1178 2110 (bibl.
1195 2051 1230 2093 zu

58 2140 97 2200 St.
124 2139 244 2211 canen)
269 2145 381 2213 autogr.
430 2143 508 2198 2:
527 2138 708 2200 Huberischc
723 2140 892 2212 sammlung.
930 2138 1014 2199 Band
1032 2142 1071 2198 49
1089 2138 1141 2198 der
1153 2139 1231 2214 Apo-

57 2246 182 2321 grapha:
208 2246 336 2319 epistolae
358 2245 395 2304 ad
424 2245 604 2305 Joachimum
634 2245 808 2319 Vadianum,
831 2245 867 2305 de
897 2247 977 2320 ipsis,
995 2261 1058 2318 quae
1081 2247 1111 2303 in
1127 2244 1231 2304 biblio·

56 2352 139 2413 theca
163 2351 192 2410 S.
220 2351 252 2409 P.
279 2351 312 2423 Q.
342 2351 537 2425 sangallensis
563 2352 768 2426 adservantur,
799 2351 987 2426 originalibus
1018 2349 1229 2424 exemplaribus
1263 2356 1265 2360 ’

56 2458 263 2531 transscripta.
282 2455 339 2530 (Gr
356 2457 394 2530 11,
412 2459 453 2517 38
471 2457 523 2519 dar
537 2457 616 2518 Basl.
634 2454 719 2537 bibl.)
737 2458 774 2518 bl.
793 2460 845 2518 41.

561 2640 729 2709 CCXXXI.

125 2734 267 2798 stuttgart.
976 2731 1006 2778 13
1026 2727 1091 2778 Nor.
1116 2730 1190 2778 1516.

52 2822 221 2898 Joaunes
248 2817 431 2895 Reuchliu
458 2819 673 2920 phorcensis
701 2817 859 2892 Nicolao
886 2816 1075 2918 Ellcnbog
1102 2845 1129 2890 s.
1161 2817 1228 2892 d.³

145 2969 249 3048 Quem
265 2966 308 3034 ad
323 2974 356 3033 te
371 2967 478 3048 mitto,
496 2966 628 3047 Nicolae,
646 2966 762 3032 harum
778 2972 988 3045 ostensorem,
1000 2967 1028 3032 is
1045 2966 1086 3032 ab
1103 2966 1229 3032 amicis-

48 3076 135 3143 simo
162 3081 195 3140 et
218 3074 282 3140 mei
304 3073 526 3140 amantissimo
550 3075 685 3139 Erasmo
701 3073 919 3140 Roterodamo
943 3095 1015 3138 eum
1038 3073 1141 3139 literis
1163 3069 1229 3138 suis

50 3202 115 3266 pro
139 3201 230 3245 more
254 3179 501 3262 elegantissimis
530 3180 573 3244 ad
595 3201 646 3244 me
663 3179 799 3246 nuncius
823 3180 970 3245 accessit.
1020 3179 1085 3259 Vir,
1108 3183 1145 3243 ut
1169 3199 1227 3262 ego

50 3286 94 3352 de
119 3284 213 3352 vultu
236 3285 382 3369 conjicio,
413 3283 589 3350 admodum
605 3284 809 3350 venerandus
833 3291 866 3350 et
883 3292 950 3350 tam
970 3284 1060 3369 gravi
1076 3284 1225 3352 mittente

54 3390 278 3458 Roterodamo
303 3390 426 3474 dignus.
480 3390 559 3469 Quis
583 3391 667 3455 enim
699 3411 762 3455 non
794 3391 996 3474 omniaque
1024 3388 1066 3454 ab
1089 3389 1225 3453 Erasmo

635 3520 653 3559 *

111 3617 121 3662 l
133 3610 281 3662 Ausschrift
293 3610 466 3676 arisgalaasen
475 3616 499 3663 2.
538 3613 601 3662 2De
617 3617 670 3660 arte
681 3609 837 3660 cabalistica
849 3625 869 3658 s.
882 3617 962 3659 unteu
972 3624 1026 3660 nro.
1038 3605 1230 3658 ccxxxvul.

55 3685 166 3753 si'Jber
184 3700 275 3752 selaeu
300 3700 423 3751 fritheron
448 3699 631 3751 brieluechsei
656 3700 704 3749 mit
723 3697 851 3750 Reuchliu
875 3696 992 3749 schreibt
1009 3694 1141 3762 Ellenbog
1163 3696 1229 3746 1525

55 3791 83 3839 in
110 3788 154 3839 die
174 3788 251 3839 Sexti
272 3805 303 3837 an
330 3790 420 3838 seinen
446 3788 538 3839 freund
562 3788 651 3838 Jakob
678 3789 813 3838 Gruerius.
857 3789 951 3837 Dicser
977 3787 1049 3836 hatte
1072 3785 1125 3834 ihm
1150 3800 1229 3848 ange·

55 3877 146 3940 boten,
165 3876 355 3938 collectaneen,
376 3877 417 3927 die
437 3893 464 3926 er
483 3878 509 3925 in
523 3876 667 3927 Reuchlins
680 3875 854 3941 vorlesungcu
868 3874 1031 3942 gesamntelt,
1050 3888 1082 3923 au
1095 3872 1230 3936 echichen,

54 3965 111 4017 uad
123 3964 258 4032 Ellenbog
276 3965 348 4015 hatte
367 3981 395 4014 es
409 3981 613 4031 angenommeu:
634 3967 728 4014 mirum
749 3967 817 4014 enim
838 3965 910 4016 dictu
931 3980 1008 4029 quam
1028 3963 1108 4013 saciat
1128 3959 1160 4011 ad
1179 3968 1233 4011 sto·

56 4054 182 4106 maehum
210 4070 295 4105 mcum
321 4053 460 4104 reuchlina
487 4062 578 4121 parata
597 4055 694 4104 culina.
733 4053 794 4102 Fuit
812 4053 876 4102 mihi
897 4052 937 4103 vir
960 4052 1006 4101 ille
1026 4049 1233 4100 humanissimus

57 4160 109 4195 nou
133 4159 226 4211 parum
254 4144 374 4204 affectus;
398 4141 459 4193 dum
478 4144 504 4191 in
530 4143 653 4193 humanis
678 4148 756 4192 esset.
793 4142 827 4191 Et
853 4141 917 4191 licet
939 4157 972 4191 ex
991 4141 1058 4192 sacia
1078 4139 1232 4189 alterutrum

56 4249 104 4284 noa
122 4250 176 4284 non
190 4232 342 4283 noverimus
362 4232 446 4283 literis
460 4240 546 4284 tamen
560 4231 740 4297 frequentibus
754 4230 860 4296 (quibus
872 4230 1029 4280 rusticorum
1048 4227 1095 4278 illa
1107 4225 1233 4277 seditiosa

55 4321 126 4374 iactu
148 4337 190 4372 rne
209 4321 336 4386 privavit)
358 4336 398 4370 me
417 4321 491 4382 adiit,
511 4336 577 4386 quas
596 4335 658 4369 sanc
678 4328 707 4368 ut
721 4319 806 4369 Oroesi
826 4335 890 4384 opes
909 4334 988 4384 peucs
1002 4334 1043 4370 mc
1063 4313 1231 4371 reservabam

54 4420 79 4469 ct
96 4409 296 4468 deosculatam.
317 4411 348 4464 Α.
368 4424 391 4464 ιι.
412 4426 445 4478 o,
464 4409 555 4475 vol-I,
574 4408 684 4472 lib.1V‚
703 4424 742 4473 cp.
763 4410 805 4474 49,
825 4407 870 4462 at.
895 4408 953 4462 133·
