2716 4898
658 272 697 340 73

90 464 242 530 Venirem
274 465 488 551 personaliter
516 464 729 544 stridorem,
755 465 817 530 nisi
843 487 922 530 eura
944 466 991 532 roi
1015 465 1183 533 familiaris
1206 464 1264 533 bu·

91 571 189 635 meris
206 572 288 636 meis
306 570 480 636 confractis
496 571 649 653 imposita
666 570 863 654 prohiberet.
902 570 968 636 Nec
985 571 1143 638 bominem
1165 573 1264 639 alium

93 674 153 742 sub
177 675 247 741 sole
271 677 380 761 potius
405 676 545 741 riderem
569 683 704 760 propter
729 697 839 741 sacras
864 676 976 743 literas
1001 676 1159 760 hebraeas,
1183 700 1264 764 quas

93 803 159 866 pree
176 782 328 847 omnibus
345 781 453 862 ealles,
478 782 509 846 in
533 782 652 865 quibus
670 786 702 846 et
718 803 775 864 ego
792 787 955 866 utcunque
972 781 1113 864 proficio.
1153 782 1215 848 Sed
1232 782 1265 847 id

93 909 161 972 prae
178 887 329 953 omnibus
346 887 473 953 avidum
491 908 541 952 me
566 887 682 966 reddit,
706 887 782 970 quia
804 908 876 951 eum
900 894 934 953 tu
959 908 1023 951 una
1046 909 1118 952 cum
1135 887 1265 954 Sidonio

95 1000 129 1058 et
154 994 319 1058 Baruebia
343 993 383 1057 de
407 992 514 1057 Verbo
532 991 667 1057 Mirifice
692 992 859 1057 tractabas
884 994 905 1073 ¹,
929 1014 987 1079 ego
1010 993 1085 1058 licet
1107 993 1265 1077 indignus,

94 1097 136 1163 ad
159 1099 322 1182 parietem
352 1097 442 1162 astiti
471 1104 504 1162 et
533 1098 657 1177 audivi,
692 1097 851 1182 quomodo
884 1097 939 1164 ille
967 1105 1060 1165 vetus
1088 1098 1265 1164 Baruclrias

94 1203 218 1287 ajebat,
243 1204 329 1288 quod
350 1204 575 1286 pronunciatio
591 1204 728 1269 nominis
744 1201 915 1271 ineffabilis
931 1203 1267 1288 compraelrenderetur

94 1308 201 1375 tribus
225 1309 439 1375 commatibus
463 1309 523 1374 sub
548 1328 612 1374 una
636 1309 769 1392 periodo
798 1330 836 1373 eo
863 1309 952 1387 loco,
984 1332 1047 1394 qno
1071 1311 1199 1395 Moyses
1224 1308 1263 1374 de

94 1414 314 1501 ineptitudine
338 1415 455 1498 linguae
478 1413 696 1497 conqueritur.
736 1413 800 1479 Sed
816 1415 910 1481 hodie
927 1416 1049 1480 dictum
1070 1415 1264 1482 Barnehiam

95 1542 160 1586 non
190 1520 336 1604 intelligo
368 1542 429 1584 nec
461 1520 691 1603 expositionem
721 1520 799 1584 dicti
831 1521 966 1585 nominis
995 1522 1085 1597 ilicet
1114 1521 1146 1585 in
1169 1541 1267 1586 manu

95 1648 170 1692 mea
195 1627 238 1691 sit
263 1626 389 1710 Sepher
404 1625 534 1707 thillim)
560 1625 572 1662 ²
595 1626 704 1709 capio,
729 1626 805 1709 quia
829 1633 921 1691 extra
944 1625 1097 1691 sacellum
1120 1625 1213 1690 extiti
1235 1624 1268 1689 iu

94 1754 160 1816 quo
185 1731 263 1796 licet
285 1753 347 1796 non
365 1730 452 1796 idola
471 1737 596 1796 tantum
615 1728 748 1795 cancelli
768 1731 859 1814 justa
883 1752 1003 1796 morem
1027 1729 1131 1813 gentis
1147 1737 1267 1795 nostrae

94 1836 158 1901 alti
183 1842 269 1916 sunt,
294 1857 397 1920 quare
421 1836 632 1919 introspicere
657 1857 720 1901 nou
736 1837 836 1919 potui,
860 1834 1020 1920 quomodo
1036 1837 1105 1919 ipse
1121 1833 1268 1900 hebraeus

96 1964 137 2006 ex
160 1942 241 2006 lxxii
264 1941 411 2006 versibus
435 1941 588 2024 quaelibet
612 1949 726 2006 saneta
750 1942 914 2023 signacula
937 1941 1038 2024 digito
1055 1939 1267 2005 monstrabat.

95 2047 219 2111 Verum
249 2069 290 2111 ex
320 2068 396 2111 voce
427 2055 485 2110 tua
520 2046 628 2110 audivi
661 2054 693 2109 te
723 2046 844 2111 ibidem
873 2054 906 2110 et
936 2047 1059 2131 conjeci
1088 2053 1120 2110 tc
1143 2043 1269 2128 singula

94 2173 254 2237 perquam
285 2151 456 2235 diligenter
488 2151 676 2216 advertisse.
724 2153 818 2231 ldeo,
841 2160 878 2216 ut
904 2151 1011 2217 serbis
1035 2152 1098 2216 tuis
1129 2157 1212 2229 utar,
1239 2149 1266 2214 si

98 2278 165 2342 qua
188 2257 251 2323 scis
275 2258 393 2342 quaeris
423 2258 608 2322 auditorem
634 2264 670 2322 nt
694 2265 788 2322 exte
813 2257 926 2338 diseat,
949 2257 997 2322 ita
1019 2257 1191 2340 plurimum
1215 2253 1269 2320 de

99 2363 235 2429 lectaria
260 2363 548 2428 communicatione
572 2371 605 2426 et
628 2362 826 2428 liberalitate
852 2363 1032 2429 studiorum
1056 2383 1115 2427 nee
1137 2381 1269 2426 necesse

98 2466 164 2534 erit
198 2489 292 2534 orare
327 2489 365 2532 ao
399 2468 451 2532 vix
482 2466 612 2533 tandem
649 2489 784 2533 exorare
815 2468 1012 2546 auditorem,
1050 2467 1127 2551 quia
1154 2466 1269 2531 avidus

98 2573 232 2639 audiam
256 2572 371 2638 saltem
396 2573 556 2638 calamum
572 2580 663 2638 tuum
681 2573 720 2638 de
737 2573 1003 2656 pronunciatione
1020 2578 1053 2636 et
1069 2571 1269 2655 expositione

98 2677 226 2744 mirifici
261 2678 398 2743 nominis
437 2700 477 2741 ex
514 2677 594 2743 locis
624 2699 724 2759 supra
762 2678 945 2742 nominatis.
993 2675 1199 2759 scripsissem
1223 2673 1271 2739 illi

98 2783 278 2864 Baruchiae,
303 2784 361 2848 sed
384 2792 421 2849 ut
438 2783 500 2848 seis
517 2782 710 2848 inhumanus
727 2791 777 2848 est
793 2789 827 2847 et
841 2804 900 2866 pro
917 2780 1149 2847 consuetudine
1165 2780 1269 2864 gentis

99 2911 166 2956 suae
197 2910 262 2954 non
293 2889 385 2954 valde
419 2889 542 2954 amicus
574 2897 607 2952 et
637 2889 677 2952 de
708 2909 824 2971 genere
846 2886 1009 2952 hominum
1034 2886 1088 2970 qui
1111 2886 1271 2951 talentum

98 2995 239 3060 libenter
260 2993 437 3060 suffodiunt
454 3000 486 3058 et
499 2993 649 3058 scientias
666 2993 839 3058 occultant.
880 2992 944 3058 Sed
961 3001 993 3056 et
1004 2992 1148 3076 Capnion
1167 3012 1206 3056 ex
1222 2991 1271 3056 his

99 3101 254 3180 creditur,
270 3101 347 3184 quia
357 3101 408 3165 rix
416 3097 531 3163 adlato
546 3099 684 3180 inspirat
693 3099 734 3163 de
743 3098 840 3164 verbo
850 3098 961 3177 crucis,
980 3098 1071 3182 cujus
1084 3095 1272 3179 areopagita

98 3209 130 3272 in
156 3205 379 3273 ecclesiastica
403 3203 586 3269 hierarchia
605 3204 760 3268 meminit.
800 3203 864 3268 Sed
886 3208 931 3282 tn,
948 3204 1090 3268 Joannes
1107 3199 1271 3277 Reuoblin,

99 3313 208 3378 omnia
232 3308 483 3376 communicabis
499 3308 687 3393 Wolfgango
711 3316 777 3388 tuo,
802 3309 856 3392 qui
880 3310 910 3373 iu
936 3308 996 3372 hac
1013 3307 1135 3373 canicie
1153 3327 1211 3371 sua
1226 3304 1273 3369 nil

99 3417 200 3484 habet
222 3438 281 3500 pro
306 3416 421 3480 solatio
437 3415 499 3480 nisi
516 3435 625 3480 sacras
642 3413 764 3480 literas.
809 3415 882 3497 lpse
899 3434 1019 3478 arcana
1035 3411 1216 3476 velamenta
1238 3417 1272 3475 et

99 3522 318 3589 secretissima
342 3520 488 3606 symbola
510 3541 574 3585 non
599 3527 731 3603 sparget
746 3520 778 3584 in
796 3541 910 3584 auram
927 3517 985 3583 sed
1001 3516 1118 3595 silebit,
1142 3514 1271 3594 celabit,

98 3628 223 3695 tacebit
270 3634 303 3693 et
334 3627 475 3693 Verbum
503 3624 671 3690 mirificum
703 3645 860 3709 perquam
885 3623 1035 3688 diviniter
1058 3620 1153 3686 colet.
1192 3620 1273 3687 Vale

97 3734 267 3802 foeliciter.
314 3733 362 3796 Ex
393 3732 591 3797 monasterio
614 3732 681 3796 Ror
704 3731 826 3796 ordinis
850 3729 960 3796 Sancti
982 3727 1154 3812 Augustini
1177 3748 1271 3793 cano-

97 3842 244 3907 nicorum
268 3838 474 3920 regularium.
521 3840 611 3901 Anno
634 3835 755 3901 domini
779 3835 851 3900 ΜΙ).
876 3836 899 3899 Ι.
923 3835 955 3899 in
979 3834 1031 3899 die
1056 3833 1086 3900 S.
1111 3833 1186 3900 viti.

189 3948 351 4008 Gedrnclrt:
380 3946 592 4005 1=C.v.e.
618 3939 689 4019 giib
713 3961 771 4018 sq.;
799 3950 816 4004 2
842 3965 883 3998 =
905 3945 932 4005 J.
958 3961 984 4002 v.
1009 3958 1034 4002 e.
1056 3943 1075 4000 h
1100 3945 1170 4012 443
1195 3942 1273 3998 3:

98 4054 505 4117 c.v.e.11fol.4aa.50e.
569 4106 571 4110 ,

682 4185 699 4223 *

169 4286 179 4331 1
204 4278 264 4345 Vgl.
287 4277 416 4328 Reucblin
441 4293 462 4325 e.
485 4277 533 4325 179
553 4275 588 4337 a,
614 4274 756 4325 besonders
776 4289 798 4324 e.
823 4277 869 4327 181
891 4272 943 4325 und
966 4273 1022 4323 182.
1097 4271 1111 4317 2
1132 4266 1205 4325 eust
1225 4265 1270 4324 der

104 4370 237 4444 psalmam
257 4367 312 4442 vgl.
333 4365 462 4424 Rencblin
481 4380 502 4415 ι.
526 4367 570 4420 181
594 4379 616 4417 ι.
641 4367 652 4414 1
674 4364 693 4418 t.
