2716 4898
660 1034 701 1100 le.

170 1140 255 1192 Basel.
1152 1143 1211 1190 1477.

271 1245 399 1320 Oratio
428 1245 678 1346 probatissimi
706 1247 866 1320 loannis
894 1245 1089 1320 Reuchlin.

186 1433 219 1500 Si
243 1435 315 1520 quis
331 1442 482 1515 vestrum,
507 1436 620 1520 optimi
640 1432 906 1519 celeberrimique
924 1434 993 1514 viri,
1017 1435 1162 1511 miratur,
1181 1429 1240 1516 quid

97 1540 140 1605 sit
161 1541 249 1624 quod
271 1541 304 1606 in
328 1549 395 1606 tam
419 1541 625 1607 ornatissimo
646 1562 800 1606 consessu
824 1540 1078 1606 clarissimorum
1101 1538 1242 1604 hominum

96 1646 247 1731 illepidus
271 1669 328 1731 ego
354 1647 441 1713 velut
460 1649 469 1685 ¹
494 1647 645 1712 balbidus
661 1646 817 1731 trepidus,
834 1646 922 1735 yelut
944 1645 1052 1711 iulans
1067 1645 1170 1710 ausim
1191 1663 1245 1708 ora·

97 1752 218 1817 tionem
242 1753 292 1818 dc·
306 1753 424 1818 uostris
453 1752 741 1818 baccalaureaudis
770 1751 813 1815 ad
846 1773 902 1817 vos
933 1750 1080 1834 perferre
1104 1750 1117 1789 ²
1146 1770 1182 1815 ac
1203 1768 1246 1813 cur

97 1879 159 1923 non
186 1859 299 1943 pocius
332 1858 392 1922 hoc
423 1880 504 1924 onus
527 1857 655 1923 dicendi
683 1856 908 1922 colendissimo
932 1855 1119 1940 magistro⁸
1141 1853 1246 1922 Jacobo

97 1963 226 2045 Hugoui
263 1963 441 2029 institutori
478 1985 550 2029 meo
583 1961 797 2028 venerabili4
827 1962 1037 2046 reliquerim?
1068 1981 1250 2047 aquosus

97 2069 168 2153 cepi
192 2068 405 2133 Memoretum
428 2069 513 2133 idem
538 2077 571 2133 et
594 2069 831 2147 Demostenem‚
856 2069 887 2132 in
911 2068 1017 2133 lorum
1037 2067 1185 2152 judiciali
1206 2086 1251 2132 sa

96 2175 170 2258 pius
198 2176 382 2240 cumomni
412 2174 547 2239 ridiculo
575 2175 643 2258 jam
666 2174 796 2240 illusum
824 2176 890 2259 jam
917 2177 1137 2258 vituperatum
1167 2172 1252 2238 verbu

96 2281 271 2347 contulisse
301 2303 364 2365 quo
388 2281 488 2364 magis
518 2287 551 2345 et
574 2280 759 2345 facundiam
791 2290 824 2345 et
847 2281 974 2346 dicendi
998 2280 1172 2346 audaciam
1193 2299 1252 2344 con·

97 2394 297 2470 sequeretur.

185 2493 245 2558 Est
276 2500 436 2577 praterea
467 2493 497 2557 in
528 2493 588 2560 hoc
621 2515 702 2560 novo
734 2493 862 2558 dicendi
893 2514 1026 2559 munere
1057 2514 1159 2559 causa
1187 2489 1254 2556 mili

97 2597 208 2664 oblata
232 2599 386 2665 lacilior³
410 2620 473 2664 uon
506 2605 633 2664 tautum
667 2599 708 2665 ob
741 2620 796 2665 eas
825 2620 981 2683 personas
1004 2598 1044 2663 de
1068 2598 1188 2682 quibus
1209 2593 1257 2661 sed

96 2710 262 2770 eteorum
295 2704 411 2789 quibus
443 2704 541 2770 verba
580 2726 651 2770 sum
680 2712 855 2789 utrumque
886 2704 1040 2770 facturus.
1089 2703 1256 2768 Dicendum

96 2818 147 2875 est
170 2811 253 2875 enim
277 2817 345 2875 tum
361 2809 401 2875 de
419 2809 568 2876 laudibus
585 2810 938 2876 baccalaureandorum
953 2811 1176 2893 praesentium,
1198 2816 1257 2873 tum

96 2915 183 2998 apud
207 2936 278 2993 ros,
306 2915 451 2999 iuquam,
480 2915 728 2983 humanissimos
758 2915 1067 3000 benignissimosquc
1101 2916 1203 2994 viros,
1230 2913 1257 2977 in

97 3041 161 3104 quo
197 3018 275 3083 milri
298 3041 359 3085 uon
384 3027 451 3086 tam
478 3023 733 3107 multiplicandae
763 3022 919 3088 orationis
943 3044 1039 3107 quam
1071 3021 1258 3103 restringen-

96 3127 146 3192 dae
170 3126 183 3163 ⁰
206 3124 319 3191 modus
343 3127 558 3210 exquirendus
583 3136 641 3194 est.
688 3130 803 3215 Itaque
830 3129 972 3194 breviter
995 3135 1033 3193 ut
1055 3127 1144 3192 unde
1168 3144 1258 3191 causa

95 3231 293 3298 laudationis
320 3233 396 3299 inde
420 3241 453 3321 et
481 3234 636 3300 orationis
667 3234 900 3318 proficiscatur.
947 3233 1102 3298 Veterum
1126 3231 1258 3316 philone

96 3338 232 3422 phorum
257 3340 416 3405 unanimis
435 3324 490 3405 ¹est
513 3361 687 3405 consensus
704 3340 854 3419 omnium,
879 3339 1014 3404 arduam
1039 3359 1111 3404 esse
1135 3335 1257 3402 virtutis

95 3444 178 3510 viam
200 3444 427 3530 difficilemque
451 3467 488 3511 ac
511 3445 709 3512 laboriosum
733 3443 858 3511 aditum
879 3443 921 3509 ad
951 3443 1167 3528 probitatem
1192 3462 1258 3507 cou-

96 3560 149 3618 tra
176 3574 250 3618 vero
275 3550 447 3636 proclivem
471 3552 504 3615 in
540 3552 617 3617 vitia
647 3552 774 3617 ruinam
796 3550 1049 3634 facillimumque
1073 3549 1175 3630 factu,
1198 3565 1259 3614 sese

97 3657 226 3742 flagitiis
246 3658 446 3741 immergere.

184 3765 253 3829 Hoc
276 3765 363 3850 apud
388 3764 555 3831 Maronem
579 3773 612 3832 et
643 3765 808 3850 eleganter
831 3768 865 3829 et
886 3761 1049 3848 platonice
1075 3762 1190 3829 Sibilla
1212 3761 1256 3826 his

95 3869 242 3937 versibus
266 3870 429 3937 concinnit
446 3870 471 3934 ⁷:

670 4022 687 4063 ’lt

167 4130 287 4182 1Velud
301 4146 376 4183 mser.
452 4132 521 4181 280
536 4148 612 4182 macr.
687 4131 890 4200 3Mrgomecr.
965 4127 1169 4182 evenerabilis
1189 4140 1258 4179 macr.

94 4218 135 4269 bis
155 4235 186 4270 zu
206 4219 304 4271 diesem
326 4228 405 4271 worte
426 4237 476 4271 von
497 4221 594 4287 eniaug
614 4237 646 4270 an
667 4221 869 4272 unterstrichen.
943 4221 959 4268 l>
980 4219 1015 4268 So
1036 4233 1128 4282 mser„
1147 4217 1197 4268 soll
1216 4213 1259 4262 nol

94 4308 213 4359 heisten:
234 4307 375 4360 difficilior.
448 4307 682 4375 6Rcatringcndi:
703 4324 780 4376 macr,
855 4313 867 4358 7
890 4308 940 4357 Die
959 4306 1104 4372 folgenden
1124 4321 1211 4368 verse,
1228 4302 1259 4350 im

94 4412 170 4449 tueor.
191 4396 263 4448 nicht
283 4397 437 4465 abgerlrcllt‚
458 4397 516 4450 rolli
537 4398 739 4450 unterstriclren,
