<?xml version="1.0" encoding="UTF-8"?>
<!DOCTYPE html PUBLIC "-//W3C//DTD XHTML 1.0 Transitional//EN"
    "http://www.w3.org/TR/xhtml1/DTD/xhtml1-transitional.dtd">
<html xmlns="http://www.w3.org/1999/xhtml" xml:lang="en" lang="en">
 <head>
  <title>
</title>
<meta http-equiv="Content-Type" content="text/html;charset=utf-8" />
  <meta name='ocr-system' content='tesseract 3.04.00' />
  <meta name='ocr-capabilities' content='ocr_page ocr_carea ocr_par ocr_line ocrx_word'/>
</head>
<body>
  <div class='ocr_page' id='page_1' title='image "./johannreuchlins00reucgoog/johannreuchlins00reucgoog_0173.png"; bbox 0 0 2716 4898; ppageno 0'>
   <div class='ocr_carea' id='block_1_1' title="bbox 651 288 712 354">
    <p class='ocr_par' dir='ltr' id='par_1_1' title="bbox 651 288 712 354">
     <span class='ocr_line' id='line_1_1' title="bbox 651 288 712 354; baseline 0.033 -2"><span class='ocrx_word' id='word_1_1' title='bbox 651 288 712 354; x_wconf 85' lang='grc'>161</span> 
     </span>
    </p>
   </div>
   <div class='ocr_carea' id='block_1_2' title="bbox 90 473 1259 671">
    <p class='ocr_par' dir='ltr' id='par_1_2' title="bbox 90 473 1259 671">
     <span class='ocr_line' id='line_1_2' title="bbox 182 473 1259 564; baseline 0.008 -24"><span class='ocrx_word' id='word_1_2' title='bbox 182 473 330 540; x_wconf 89' lang='lat' dir='ltr'>Summa:</span> <span class='ocrx_word' id='word_1_3' title='bbox 358 475 396 541; x_wconf 94' lang='lat' dir='ltr'>In</span> <span class='ocrx_word' id='word_1_4' title='bbox 424 479 552 542; x_wconf 84' lang='lat' dir='ltr'>tantum</span> <span class='ocrx_word' id='word_1_5' title='bbox 581 497 641 561; x_wconf 90' lang='lat' dir='ltr'>pro</span> <span class='ocrx_word' id='word_1_6' title='bbox 672 475 729 543; x_wconf 84' lang='lat' dir='ltr'>tua</span> <span class='ocrx_word' id='word_1_7' title='bbox 762 477 981 560; x_wconf 78' lang='lat' dir='ltr'>dominatione</span> <span class='ocrx_word' id='word_1_8' title='bbox 1005 501 1056 547; x_wconf 89' lang='lat' dir='ltr'>me</span> <span class='ocrx_word' id='word_1_9' title='bbox 1080 481 1199 564; x_wconf 90' lang='lat' dir='ltr'>obtuli,</span> <span class='ocrx_word' id='word_1_10' title='bbox 1221 486 1259 549; x_wconf 87' lang='lat' dir='ltr'>ut</span> 
     </span>
     <span class='ocr_line' id='line_1_3' title="bbox 90 579 1259 671; baseline 0.009 -27"><span class='ocrx_word' id='word_1_11' title='bbox 90 581 182 661; x_wconf 90' lang='lat' dir='ltr'>prior</span> <span class='ocrx_word' id='word_1_12' title='bbox 212 587 339 661; x_wconf 90' lang='lat' dir='ltr'>noster,</span> <span class='ocrx_word' id='word_1_13' title='bbox 370 579 543 664; x_wconf 82' lang='lat' dir='ltr'>inquisitor</span> <span class='ocrx_word' id='word_1_14' title='bbox 573 582 714 664; x_wconf 87' lang='lat' dir='ltr'>diceret,</span> <span class='ocrx_word' id='word_1_15' title='bbox 744 605 778 650; x_wconf 91' lang='lat' dir='ltr'>se</span> <span class='ocrx_word' id='word_1_16' title='bbox 809 605 873 649; x_wconf 93' lang='lat' dir='ltr'>nou</span> <span class='ocrx_word' id='word_1_17' title='bbox 902 606 997 668; x_wconf 90' lang='lat' dir='ltr'>posse</span> <span class='ocrx_word' id='word_1_18' title='bbox 1020 587 1158 671; x_wconf 87' lang='lat' dir='ltr'>amplius</span> <span class='ocrx_word' id='word_1_19' title='bbox 1183 609 1203 654; x_wconf 90' lang='lat' dir='ltr'>a</span> <span class='ocrx_word' id='word_1_20' title='bbox 1225 594 1259 654; x_wconf 89' lang='lat' dir='ltr'>te</span> 
     </span>
    </p>
   </div>
   <div class='ocr_carea' id='block_1_3' title="bbox 88 687 1268 4043">
    <p class='ocr_par' dir='ltr' id='par_1_3' title="bbox 88 687 1261 2249">
     <span class='ocr_line' id='line_1_4' title="bbox 90 687 1260 771; baseline 0.006 -21"><span class='ocrx_word' id='word_1_21' title='bbox 90 692 245 768; x_wconf 82' lang='lat' dir='ltr'>expetere</span> <span class='ocrx_word' id='word_1_22' title='bbox 280 707 377 771; x_wconf 91' lang='lat' dir='ltr'>quam</span> <span class='ocrx_word' id='word_1_23' title='bbox 413 707 471 770; x_wconf 85' lang='lat' dir='ltr'>ego</span> <span class='ocrx_word' id='word_1_24' title='bbox 505 687 745 770; x_wconf 78' lang='lat' dir='ltr'>promittebam.</span> <span class='ocrx_word' id='word_1_25' title='bbox 792 689 885 756; x_wconf 84' lang='lat' dir='ltr'><strong>Unde</strong></span> <span class='ocrx_word' id='word_1_26' title='bbox 920 691 962 756; x_wconf 90' lang='lat' dir='ltr'>ad</span> <span class='ocrx_word' id='word_1_27' title='bbox 996 689 1057 757; x_wconf 91' lang='lat' dir='ltr'>hoc</span> <span class='ocrx_word' id='word_1_28' title='bbox 1087 692 1260 759; x_wconf 84' lang='lat' dir='ltr'>deventum</span> 
     </span>
     <span class='ocr_line' id='line_1_5' title="bbox 90 789 1260 875; baseline 0.009 -21"><span class='ocrx_word' id='word_1_29' title='bbox 90 799 140 855; x_wconf 90' lang='lat' dir='ltr'>est</span> <span class='ocrx_word' id='word_1_30' title='bbox 165 791 208 855; x_wconf 92' lang='lat' dir='ltr'>ad</span> <span class='ocrx_word' id='word_1_31' title='bbox 232 813 338 856; x_wconf 88' lang='lat' dir='ltr'>meam</span> <span class='ocrx_word' id='word_1_32' title='bbox 360 789 579 857; x_wconf 89' lang='lat' dir='ltr'>fidelissimam</span> <span class='ocrx_word' id='word_1_33' title='bbox 602 792 802 875; x_wconf 82' lang='lat' dir='ltr'>instantiam,</span> <span class='ocrx_word' id='word_1_34' title='bbox 824 800 863 861; x_wconf 88' lang='lat' dir='ltr'>ut</span> <span class='ocrx_word' id='word_1_35' title='bbox 883 796 1001 861; x_wconf 91' lang='lat' dir='ltr'>iterum</span> <span class='ocrx_word' id='word_1_36' title='bbox 1017 796 1060 862; x_wconf 88' lang='lat' dir='ltr'>ad</span> <span class='ocrx_word' id='word_1_37' title='bbox 1075 802 1108 863; x_wconf 93' lang='lat' dir='ltr'>te</span> <span class='ocrx_word' id='word_1_38' title='bbox 1124 799 1260 865; x_wconf 90' lang='lat' dir='ltr'>nuncius</span> 
     </span>
     <span class='ocr_line' id='line_1_6' title="bbox 91 895 1260 984; baseline 0.007 -24"><span class='ocrx_word' id='word_1_39' title='bbox 91 897 220 962; x_wconf 90' lang='lat' dir='ltr'>nomine</span> <span class='ocrx_word' id='word_1_40' title='bbox 257 895 424 963; x_wconf 81' lang='lat' dir='ltr'>facultatis</span> <span class='ocrx_word' id='word_1_41' title='bbox 452 896 640 981; x_wconf 80' lang='lat' dir='ltr'>theologica</span> <span class='ocrx_word' id='word_1_42' title='bbox 668 900 678 937; x_wconf 90' lang='lat'>¹</span> <span class='ocrx_word' id='word_1_43' title='bbox 709 899 832 980; x_wconf 89' lang='lat' dir='ltr'>veniat,</span> <span class='ocrx_word' id='word_1_44' title='bbox 863 901 920 984; x_wconf 91' lang='lat' dir='ltr'>qui</span> <span class='ocrx_word' id='word_1_45' title='bbox 950 904 1014 966; x_wconf 88' lang='lat' dir='ltr'>tuae</span> <span class='ocrx_word' id='word_1_46' title='bbox 1050 901 1260 969; x_wconf 87' lang='lat' dir='ltr'>dominationi</span> 
     </span>
     <span class='ocr_line' id='line_1_7' title="bbox 89 1000 1259 1090; baseline 0.006 -24"><span class='ocrx_word' id='word_1_47' title='bbox 89 1000 271 1068; x_wconf 84' lang='lat' dir='ltr'>insinuabit</span> <span class='ocrx_word' id='word_1_48' title='bbox 294 1008 434 1069; x_wconf 89' lang='lat' dir='ltr'>mentem</span> <span class='ocrx_word' id='word_1_49' title='bbox 457 1002 634 1084; x_wconf 82' lang='lat' dir='ltr'>facultatis,</span> <span class='ocrx_word' id='word_1_50' title='bbox 659 1025 756 1088; x_wconf 86' lang='lat' dir='ltr'>quam</span> <span class='ocrx_word' id='word_1_51' title='bbox 785 1025 824 1069; x_wconf 86' lang='lat' dir='ltr'>ex</span> <span class='ocrx_word' id='word_1_52' title='bbox 852 1005 982 1088; x_wconf 88' lang='lat' dir='ltr'>scriptis</span> <span class='ocrx_word' id='word_1_53' title='bbox 1009 1008 1126 1090; x_wconf 90' lang='lat' dir='ltr'>prioris</span> <span class='ocrx_word' id='word_1_54' title='bbox 1155 1008 1259 1073; x_wconf 90' lang='lat' dir='ltr'>nostri</span> 
     </span>
     <span class='ocr_line' id='line_1_8' title="bbox 90 1106 1260 1192; baseline 0.005 -20"><span class='ocrx_word' id='word_1_55' title='bbox 90 1106 244 1189; x_wconf 90' lang='lat' dir='ltr'>accipies.</span> <span class='ocrx_word' id='word_1_56' title='bbox 291 1108 336 1174; x_wconf 92' lang='lat' dir='ltr'>Ut</span> <span class='ocrx_word' id='word_1_57' title='bbox 374 1112 483 1174; x_wconf 85' lang='lat' dir='ltr'>autem</span> <span class='ocrx_word' id='word_1_58' title='bbox 514 1109 635 1190; x_wconf 88' lang='lat' dir='ltr'>omnia,</span> <span class='ocrx_word' id='word_1_59' title='bbox 665 1109 780 1175; x_wconf 87' lang='lat' dir='ltr'>animae</span> <span class='ocrx_word' id='word_1_60' title='bbox 811 1116 844 1176; x_wconf 89' lang='lat' dir='ltr'>et</span> <span class='ocrx_word' id='word_1_61' title='bbox 874 1132 999 1192; x_wconf 91' lang='lat' dir='ltr'>rerum,</span> <span class='ocrx_word' id='word_1_62' title='bbox 1032 1111 1197 1178; x_wconf 91' lang='lat' dir='ltr'>hominum</span> <span class='ocrx_word' id='word_1_63' title='bbox 1226 1117 1260 1179; x_wconf 91' lang='lat' dir='ltr'>et</span> 
     </span>
     <span class='ocr_line' id='line_1_9' title="bbox 91 1211 1260 1302; baseline 0.005 -26"><span class='ocrx_word' id='word_1_64' title='bbox 91 1211 355 1279; x_wconf 90' lang='lat' dir='ltr'>adversariorum</span> <span class='ocrx_word' id='word_1_65' title='bbox 389 1213 535 1297; x_wconf 88' lang='lat' dir='ltr'>pericula</span> <span class='ocrx_word' id='word_1_66' title='bbox 570 1214 704 1296; x_wconf 85' lang='lat' dir='ltr'>evadas,</span> <span class='ocrx_word' id='word_1_67' title='bbox 733 1236 850 1299; x_wconf 91' lang='lat' dir='ltr'>meque</span> <span class='ocrx_word' id='word_1_68' title='bbox 880 1237 1026 1281; x_wconf 82' lang='lat' dir='ltr'>veracem</span> <span class='ocrx_word' id='word_1_69' title='bbox 1060 1217 1260 1302; x_wconf 88' lang='lat' dir='ltr'>comprobes,</span> 
     </span>
     <span class='ocr_line' id='line_1_10' title="bbox 91 1317 1259 1406; baseline 0.004 -23"><span class='ocrx_word' id='word_1_70' title='bbox 91 1318 146 1402; x_wconf 92' lang='lat' dir='ltr'>qui</span> <span class='ocrx_word' id='word_1_71' title='bbox 171 1324 236 1383; x_wconf 82' lang='lat' dir='ltr'>tuse</span> <span class='ocrx_word' id='word_1_72' title='bbox 263 1339 408 1404; x_wconf 76' lang='lat' dir='ltr'>syncera</span> <span class='ocrx_word' id='word_1_73' title='bbox 423 1317 515 1400; x_wconf 90' lang='lat' dir='ltr'>fidei,</span> <span class='ocrx_word' id='word_1_74' title='bbox 539 1319 579 1384; x_wconf 91' lang='lat' dir='ltr'>de</span> <span class='ocrx_word' id='word_1_75' title='bbox 596 1340 660 1404; x_wconf 91' lang='lat' dir='ltr'>qua</span> <span class='ocrx_word' id='word_1_76' title='bbox 677 1341 842 1406; x_wconf 89' lang='lat' dir='ltr'>nunquam</span> <span class='ocrx_word' id='word_1_77' title='bbox 859 1320 1014 1402; x_wconf 91' lang='lat' dir='ltr'>dubitavi,</span> <span class='ocrx_word' id='word_1_78' title='bbox 1039 1323 1259 1390; x_wconf 90' lang='lat' dir='ltr'>testimonium</span> 
     </span>
     <span class='ocr_line' id='line_1_11' title="bbox 90 1423 1259 1512; baseline 0.006 -25"><span class='ocrx_word' id='word_1_79' title='bbox 90 1423 266 1489; x_wconf 88' lang='lat' dir='ltr'>maximum</span> <span class='ocrx_word' id='word_1_80' title='bbox 290 1423 450 1508; x_wconf 87' lang='lat' dir='ltr'>perhibui,</span> <span class='ocrx_word' id='word_1_81' title='bbox 474 1429 575 1506; x_wconf 91' lang='lat' dir='ltr'>tuum,</span> <span class='ocrx_word' id='word_1_82' title='bbox 598 1425 739 1511; x_wconf 91' lang='lat' dir='ltr'>inquam,</span> <span class='ocrx_word' id='word_1_83' title='bbox 764 1427 827 1492; x_wconf 89' lang='lat' dir='ltr'>erit</span> <span class='ocrx_word' id='word_1_84' title='bbox 848 1432 923 1510; x_wconf 89' lang='lat' dir='ltr'>post</span> <span class='ocrx_word' id='word_1_85' title='bbox 947 1427 1112 1511; x_wconf 85' lang='lat' dir='ltr'>exemplar</span> <span class='ocrx_word' id='word_1_86' title='bbox 1141 1450 1259 1512; x_wconf 87' lang='lat' dir='ltr'>propo·</span> 
     </span>
     <span class='ocr_line' id='line_1_12' title="bbox 90 1528 1261 1614; baseline 0.005 -21"><span class='ocrx_word' id='word_1_87' title='bbox 90 1528 260 1609; x_wconf 90' lang='lat' dir='ltr'>sitiouum,</span> <span class='ocrx_word' id='word_1_88' title='bbox 285 1529 469 1614; x_wconf 91' lang='lat' dir='ltr'>quodcum</span> <span class='ocrx_word' id='word_1_89' title='bbox 492 1532 707 1614; x_wconf 67' lang='lat' dir='ltr'>presentibus</span> <span class='ocrx_word' id='word_1_90' title='bbox 731 1534 842 1612; x_wconf 91' lang='lat' dir='ltr'>mitto,</span> <span class='ocrx_word' id='word_1_91' title='bbox 872 1532 961 1598; x_wconf 88' lang='lat' dir='ltr'>ocius</span> <span class='ocrx_word' id='word_1_92' title='bbox 991 1530 1148 1598; x_wconf 88' lang='lat' dir='ltr'>conficere</span> <span class='ocrx_word' id='word_1_93' title='bbox 1176 1539 1261 1599; x_wconf 89' lang='lat' dir='ltr'>trac-</span> 
     </span>
     <span class='ocr_line' id='line_1_13' title="bbox 89 1634 1258 1720; baseline 0.003 -22"><span class='ocrx_word' id='word_1_94' title='bbox 89 1634 241 1715; x_wconf 89' lang='lat' dir='ltr'>tatulum,</span> <span class='ocrx_word' id='word_1_95' title='bbox 265 1635 371 1702; x_wconf 90' lang='lat' dir='ltr'>adhuc</span> <span class='ocrx_word' id='word_1_96' title='bbox 395 1636 428 1701; x_wconf 92' lang='lat' dir='ltr'>iu</span> <span class='ocrx_word' id='word_1_97' title='bbox 451 1637 601 1703; x_wconf 92' lang='lat' dir='ltr'>nundinis</span> <span class='ocrx_word' id='word_1_98' title='bbox 625 1636 781 1720; x_wconf 85' lang='lat' dir='ltr'>proximis</span> <span class='ocrx_word' id='word_1_99' title='bbox 809 1635 1152 1702; x_wconf 87' lang='lat' dir='ltr'>Francofordieusibus</span> <span class='ocrx_word' id='word_1_100' title='bbox 1183 1659 1258 1702; x_wconf 89' lang='lat' dir='ltr'>ven·</span> 
     </span>
     <span class='ocr_line' id='line_1_14' title="bbox 91 1739 1259 1835; baseline 0.003 -31"><span class='ocrx_word' id='word_1_101' title='bbox 91 1739 251 1821; x_wconf 90' lang='lat' dir='ltr'>deudum,</span> <span class='ocrx_word' id='word_1_102' title='bbox 280 1763 344 1826; x_wconf 93' lang='lat' dir='ltr'>quo</span> <span class='ocrx_word' id='word_1_103' title='bbox 373 1741 521 1835; x_wconf 87' lang='lat' dir='ltr'>omnibus</span> <span class='ocrx_word' id='word_1_104' title='bbox 545 1742 743 1823; x_wconf 85' lang='lat' dir='ltr'>satisfacias,</span> <span class='ocrx_word' id='word_1_105' title='bbox 773 1747 806 1808; x_wconf 89' lang='lat' dir='ltr'>et</span> <span class='ocrx_word' id='word_1_106' title='bbox 835 1747 868 1807; x_wconf 93' lang='lat' dir='ltr'>te</span> <span class='ocrx_word' id='word_1_107' title='bbox 898 1741 1101 1825; x_wconf 90' lang='lat' dir='ltr'>animamque</span> <span class='ocrx_word' id='word_1_108' title='bbox 1125 1747 1215 1807; x_wconf 89' lang='lat' dir='ltr'>tuam</span> <span class='ocrx_word' id='word_1_109' title='bbox 1238 1763 1259 1808; x_wconf 90' lang='lat' dir='ltr'>a</span> 
     </span>
     <span class='ocr_line' id='line_1_15' title="bbox 88 1846 1258 1932; baseline 0.001 -21"><span class='ocrx_word' id='word_1_110' title='bbox 88 1851 249 1930; x_wconf 89' lang='lat' dir='ltr'>perpetuo</span> <span class='ocrx_word' id='word_1_111' title='bbox 277 1846 395 1912; x_wconf 90' lang='lat' dir='ltr'>foetore</span> <span class='ocrx_word' id='word_1_112' title='bbox 430 1846 569 1927; x_wconf 88' lang='lat' dir='ltr'>liberes,</span> <span class='ocrx_word' id='word_1_113' title='bbox 610 1869 674 1913; x_wconf 93' lang='lat' dir='ltr'>non</span> <span class='ocrx_word' id='word_1_114' title='bbox 710 1847 916 1932; x_wconf 86' lang='lat' dir='ltr'>compulsus,</span> <span class='ocrx_word' id='word_1_115' title='bbox 951 1846 1009 1913; x_wconf 91' lang='lat' dir='ltr'>sed</span> <span class='ocrx_word' id='word_1_116' title='bbox 1042 1852 1099 1912; x_wconf 91' lang='lat' dir='ltr'>tua</span> <span class='ocrx_word' id='word_1_117' title='bbox 1134 1852 1258 1931; x_wconf 89' lang='lat' dir='ltr'>sponte.</span> 
     </span>
     <span class='ocr_line' id='line_1_16' title="bbox 92 1951 1259 2037; baseline 0.003 -21"><span class='ocrx_word' id='word_1_118' title='bbox 92 1951 203 2018; x_wconf 89' lang='lat' dir='ltr'>Facile</span> <span class='ocrx_word' id='word_1_119' title='bbox 226 1952 368 2017; x_wconf 89' lang='lat' dir='ltr'>invenies</span> <span class='ocrx_word' id='word_1_120' title='bbox 392 1951 537 2032; x_wconf 89' lang='lat' dir='ltr'>modum,</span> <span class='ocrx_word' id='word_1_121' title='bbox 562 1975 626 2037; x_wconf 90' lang='lat' dir='ltr'>quo</span> <span class='ocrx_word' id='word_1_122' title='bbox 649 1952 683 2017; x_wconf 91' lang='lat' dir='ltr'>id</span> <span class='ocrx_word' id='word_1_123' title='bbox 707 1951 837 2034; x_wconf 87' lang='lat' dir='ltr'>efficies,</span> <span class='ocrx_word' id='word_1_124' title='bbox 860 1958 974 2036; x_wconf 88' lang='lat' dir='ltr'>utpote</span> <span class='ocrx_word' id='word_1_125' title='bbox 996 1954 1259 2036; x_wconf 87' lang='lat' dir='ltr'>repraesentando</span> 
     </span>
     <span class='ocr_line' id='line_1_17' title="bbox 89 2057 1260 2144; baseline 0.003 -24"><span class='ocrx_word' id='word_1_126' title='bbox 89 2079 175 2123; x_wconf 91' lang='lat' dir='ltr'>nuuc</span> <span class='ocrx_word' id='word_1_127' title='bbox 197 2057 232 2121; x_wconf 92' lang='lat' dir='ltr'>iu</span> <span class='ocrx_word' id='word_1_128' title='bbox 254 2057 430 2122; x_wconf 91' lang='lat' dir='ltr'>formatum</span> <span class='ocrx_word' id='word_1_129' title='bbox 461 2057 659 2143; x_wconf 82' lang='lat' dir='ltr'>theologum,</span> <span class='ocrx_word' id='word_1_130' title='bbox 685 2059 740 2144; x_wconf 92' lang='lat' dir='ltr'>qui</span> <span class='ocrx_word' id='word_1_131' title='bbox 769 2060 875 2142; x_wconf 90' lang='lat' dir='ltr'>prius,</span> <span class='ocrx_word' id='word_1_132' title='bbox 898 2065 937 2124; x_wconf 90' lang='lat' dir='ltr'>ut</span> <span class='ocrx_word' id='word_1_133' title='bbox 963 2081 1073 2125; x_wconf 91' lang='lat' dir='ltr'>rerum</span> <span class='ocrx_word' id='word_1_134' title='bbox 1104 2059 1260 2144; x_wconf 86' lang='lat' dir='ltr'>theologi·</span> 
     </span>
     <span class='ocr_line' id='line_1_18' title="bbox 89 2163 929 2249; baseline 0.002 -22"><span class='ocrx_word' id='word_1_135' title='bbox 89 2183 201 2228; x_wconf 87' lang='lat' dir='ltr'>carum</span> <span class='ocrx_word' id='word_1_136' title='bbox 227 2184 353 2246; x_wconf 86' lang='lat' dir='ltr'>expers,</span> <span class='ocrx_word' id='word_1_137' title='bbox 377 2184 417 2227; x_wconf 88' lang='lat' dir='ltr'>ex</span> <span class='ocrx_word' id='word_1_138' title='bbox 440 2169 586 2246; x_wconf 88' lang='lat' dir='ltr'>tempore</span> <span class='ocrx_word' id='word_1_139' title='bbox 611 2163 780 2248; x_wconf 87' lang='lat' dir='ltr'>scripseris</span> <span class='ocrx_word' id='word_1_140' title='bbox 803 2163 929 2249; x_wconf 85' lang='lat' dir='ltr'>legista.</span> 
     </span>
    </p>

    <p class='ocr_par' dir='ltr' id='par_1_4' title="bbox 89 2267 1268 4043">
     <span class='ocr_line' id='line_1_19' title="bbox 180 2267 1260 2351; baseline 0 -17"><span class='ocrx_word' id='word_1_141' title='bbox 180 2268 244 2334; x_wconf 85' lang='lat' dir='ltr'>Oro</span> <span class='ocrx_word' id='word_1_142' title='bbox 268 2290 328 2351; x_wconf 90' lang='lat' dir='ltr'>pro</span> <span class='ocrx_word' id='word_1_143' title='bbox 352 2274 409 2334; x_wconf 86' lang='lat' dir='ltr'>tuo</span> <span class='ocrx_word' id='word_1_144' title='bbox 432 2267 553 2334; x_wconf 88' lang='lat' dir='ltr'>honore</span> <span class='ocrx_word' id='word_1_145' title='bbox 577 2275 611 2335; x_wconf 89' lang='lat' dir='ltr'>et</span> <span class='ocrx_word' id='word_1_146' title='bbox 633 2291 706 2335; x_wconf 88' lang='lat' dir='ltr'>mea</span> <span class='ocrx_word' id='word_1_147' title='bbox 729 2269 904 2350; x_wconf 89' lang='lat' dir='ltr'>charitate,</span> <span class='ocrx_word' id='word_1_148' title='bbox 932 2291 972 2335; x_wconf 89' lang='lat' dir='ltr'>ue</span> <span class='ocrx_word' id='word_1_149' title='bbox 996 2268 1057 2336; x_wconf 90' lang='lat' dir='ltr'>tibi</span> <span class='ocrx_word' id='word_1_150' title='bbox 1080 2269 1162 2333; x_wconf 87' lang='lat' dir='ltr'>hanc</span> <span class='ocrx_word' id='word_1_151' title='bbox 1185 2268 1260 2334; x_wconf 92' lang='lat' dir='ltr'>sub-</span> 
     </span>
     <span class='ocr_line' id='line_1_20' title="bbox 89 2372 1260 2461; baseline 0.002 -24"><span class='ocrx_word' id='word_1_152' title='bbox 89 2372 188 2438; x_wconf 91' lang='lat' dir='ltr'>eundi</span> <span class='ocrx_word' id='word_1_153' title='bbox 216 2373 414 2456; x_wconf 90' lang='lat' dir='ltr'>provinciam</span> <span class='ocrx_word' id='word_1_154' title='bbox 440 2372 615 2439; x_wconf 83' lang='lat' dir='ltr'>difficultas</span> <span class='ocrx_word' id='word_1_155' title='bbox 646 2374 757 2461; x_wconf 89' lang='lat' dir='ltr'>aliqua</span> <span class='ocrx_word' id='word_1_156' title='bbox 788 2375 840 2440; x_wconf 84' lang='lat' dir='ltr'>sit.</span> <span class='ocrx_word' id='word_1_157' title='bbox 886 2376 969 2440; x_wconf 89' lang='lat' dir='ltr'>Nam</span> <span class='ocrx_word' id='word_1_158' title='bbox 999 2376 1061 2442; x_wconf 93' lang='lat' dir='ltr'>nisi</span> <span class='ocrx_word' id='word_1_159' title='bbox 1091 2396 1176 2441; x_wconf 91' lang='lat' dir='ltr'>nunc</span> <span class='ocrx_word' id='word_1_160' title='bbox 1202 2395 1260 2457; x_wconf 91' lang='lat' dir='ltr'>pa·</span> 
     </span>
     <span class='ocr_line' id='line_1_21' title="bbox 89 2478 1260 2564; baseline 0 -21"><span class='ocrx_word' id='word_1_161' title='bbox 89 2478 206 2558; x_wconf 88' lang='lat' dir='ltr'>rueris,</span> <span class='ocrx_word' id='word_1_162' title='bbox 236 2499 300 2544; x_wconf 92' lang='lat' dir='ltr'>nou</span> <span class='ocrx_word' id='word_1_163' title='bbox 327 2479 420 2544; x_wconf 90' lang='lat' dir='ltr'>video</span> <span class='ocrx_word' id='word_1_164' title='bbox 452 2479 530 2564; x_wconf 92' lang='lat' dir='ltr'>quid</span> <span class='ocrx_word' id='word_1_165' title='bbox 561 2480 700 2563; x_wconf 89' lang='lat' dir='ltr'>amplius</span> <span class='ocrx_word' id='word_1_166' title='bbox 728 2502 787 2564; x_wconf 92' lang='lat' dir='ltr'>pro</span> <span class='ocrx_word' id='word_1_167' title='bbox 821 2486 853 2546; x_wconf 91' lang='lat' dir='ltr'>te</span> <span class='ocrx_word' id='word_1_168' title='bbox 883 2481 1013 2564; x_wconf 89' lang='lat' dir='ltr'>possim.</span> <span class='ocrx_word' id='word_1_169' title='bbox 1060 2481 1127 2564; x_wconf 83' lang='lat' dir='ltr'>Age</span> <span class='ocrx_word' id='word_1_170' title='bbox 1151 2480 1260 2563; x_wconf 83' lang='lat' dir='ltr'>igitur,</span> 
     </span>
     <span class='ocr_line' id='line_1_22' title="bbox 89 2582 1261 2671; baseline 0.002 -23"><span class='ocrx_word' id='word_1_171' title='bbox 89 2604 161 2668; x_wconf 84' lang='lat' dir='ltr'>age,</span> <span class='ocrx_word' id='word_1_172' title='bbox 183 2583 228 2648; x_wconf 92' lang='lat' dir='ltr'>mi</span> <span class='ocrx_word' id='word_1_173' title='bbox 251 2582 439 2650; x_wconf 87' lang='lat' dir='ltr'>charissime</span> <span class='ocrx_word' id='word_1_174' title='bbox 464 2584 587 2664; x_wconf 91' lang='lat' dir='ltr'>doctor,</span> <span class='ocrx_word' id='word_1_175' title='bbox 611 2591 644 2651; x_wconf 90' lang='lat' dir='ltr'>et</span> <span class='ocrx_word' id='word_1_176' title='bbox 666 2585 792 2671; x_wconf 92' lang='lat' dir='ltr'>aliquot</span> <span class='ocrx_word' id='word_1_177' title='bbox 815 2590 926 2652; x_wconf 91' lang='lat' dir='ltr'>noctes</span> <span class='ocrx_word' id='word_1_178' title='bbox 956 2585 1064 2651; x_wconf 91' lang='lat' dir='ltr'>ducito</span> <span class='ocrx_word' id='word_1_179' title='bbox 1088 2585 1261 2665; x_wconf 90' lang='lat' dir='ltr'>insomnes,</span> 
     </span>
     <span class='ocr_line' id='line_1_23' title="bbox 90 2689 1264 2775; baseline 0.002 -21"><span class='ocrx_word' id='word_1_180' title='bbox 90 2695 125 2754; x_wconf 91' lang='lat' dir='ltr'>et</span> <span class='ocrx_word' id='word_1_181' title='bbox 156 2694 190 2754; x_wconf 91' lang='lat' dir='ltr'>te</span> <span class='ocrx_word' id='word_1_182' title='bbox 219 2694 318 2775; x_wconf 84' lang='lat' dir='ltr'>atque</span> <span class='ocrx_word' id='word_1_183' title='bbox 350 2696 423 2756; x_wconf 92' lang='lat' dir='ltr'>tuos</span> <span class='ocrx_word' id='word_1_184' title='bbox 451 2690 572 2757; x_wconf 87' lang='lat' dir='ltr'>amicos</span> <span class='ocrx_word' id='word_1_185' title='bbox 599 2691 704 2758; x_wconf 88' lang='lat' dir='ltr'>libera</span> <span class='ocrx_word' id='word_1_186' title='bbox 730 2691 772 2758; x_wconf 89' lang='lat' dir='ltr'>ab</span> <span class='ocrx_word' id='word_1_187' title='bbox 803 2690 890 2755; x_wconf 93' lang='lat' dir='ltr'>omni</span> <span class='ocrx_word' id='word_1_188' title='bbox 916 2690 1011 2758; x_wconf 89' lang='lat' dir='ltr'>malo.</span> <span class='ocrx_word' id='word_1_189' title='bbox 1062 2689 1170 2755; x_wconf 82' lang='lat' dir='ltr'>Facile</span> <span class='ocrx_word' id='word_1_190' title='bbox 1200 2689 1264 2756; x_wconf 90' lang='lat' dir='ltr'>erit</span> 
     </span>
     <span class='ocr_line' id='line_1_24' title="bbox 90 2794 1261 2883; baseline 0 -22"><span class='ocrx_word' id='word_1_191' title='bbox 90 2794 186 2878; x_wconf 90' lang='lat' dir='ltr'>sequi</span> <span class='ocrx_word' id='word_1_192' title='bbox 210 2815 292 2878; x_wconf 90' lang='lat' dir='ltr'>quas</span> <span class='ocrx_word' id='word_1_193' title='bbox 314 2795 409 2861; x_wconf 89' lang='lat' dir='ltr'>mitto</span> <span class='ocrx_word' id='word_1_194' title='bbox 433 2794 674 2880; x_wconf 86' lang='lat' dir='ltr'>objurgationes</span> <span class='ocrx_word' id='word_1_195' title='bbox 698 2795 816 2882; x_wconf 90' lang='lat' dir='ltr'>quibus</span> <span class='ocrx_word' id='word_1_196' title='bbox 839 2796 953 2883; x_wconf 89' lang='lat' dir='ltr'>utique</span> <span class='ocrx_word' id='word_1_197' title='bbox 969 2803 1125 2882; x_wconf 90' lang='lat' dir='ltr'>tanquam</span> <span class='ocrx_word' id='word_1_198' title='bbox 1148 2794 1261 2862; x_wconf 85' lang='lat' dir='ltr'>solidis</span> 
     </span>
     <span class='ocr_line' id='line_1_25' title="bbox 90 2900 1261 2985; baseline 0.003 -21"><span class='ocrx_word' id='word_1_199' title='bbox 90 2900 187 2964; x_wconf 92' lang='lat' dir='ltr'>inniti</span> <span class='ocrx_word' id='word_1_200' title='bbox 211 2922 323 2966; x_wconf 90' lang='lat' dir='ltr'>secure</span> <span class='ocrx_word' id='word_1_201' title='bbox 346 2907 450 2985; x_wconf 90' lang='lat' dir='ltr'>potes.</span> <span class='ocrx_word' id='word_1_202' title='bbox 497 2901 621 2980; x_wconf 85' lang='lat' dir='ltr'>Quibus</span> <span class='ocrx_word' id='word_1_203' title='bbox 645 2924 715 2968; x_wconf 90' lang='lat' dir='ltr'>cum</span> <span class='ocrx_word' id='word_1_204' title='bbox 740 2909 773 2968; x_wconf 87' lang='lat' dir='ltr'>te</span> <span class='ocrx_word' id='word_1_205' title='bbox 797 2901 1064 2983; x_wconf 87' lang='lat' dir='ltr'>conformaveris,</span> <span class='ocrx_word' id='word_1_206' title='bbox 1087 2923 1181 2968; x_wconf 89' lang='lat' dir='ltr'>uerno</span> <span class='ocrx_word' id='word_1_207' title='bbox 1204 2902 1261 2968; x_wconf 88' lang='lat' dir='ltr'>ad-</span> 
     </span>
     <span class='ocr_line' id='line_1_26' title="bbox 91 3007 1264 3090; baseline 0.003 -19"><span class='ocrx_word' id='word_1_208' title='bbox 91 3026 223 3073; x_wconf 90' lang='lat' dir='ltr'>versum</span> <span class='ocrx_word' id='word_1_209' title='bbox 260 3011 293 3072; x_wconf 90' lang='lat' dir='ltr'>te</span> <span class='ocrx_word' id='word_1_210' title='bbox 325 3007 524 3090; x_wconf 66' lang='lat' dir='ltr'>praevalebit.</span> <span class='ocrx_word' id='word_1_211' title='bbox 572 3009 615 3073; x_wconf 87' lang='lat' dir='ltr'>Et</span> <span class='ocrx_word' id='word_1_212' title='bbox 650 3028 709 3074; x_wconf 89' lang='lat' dir='ltr'>ora</span> <span class='ocrx_word' id='word_1_213' title='bbox 727 3021 730 3028; x_wconf 84' lang='lat'>&#39;</span> <span class='ocrx_word' id='word_1_214' title='bbox 745 3007 953 3073; x_wconf 89' lang='lat' dir='ltr'>clamantium</span> <span class='ocrx_word' id='word_1_215' title='bbox 988 3007 1201 3075; x_wconf 87' lang='lat' dir='ltr'>obstruantur</span> <span class='ocrx_word' id='word_1_216' title='bbox 1229 3014 1264 3074; x_wconf 89' lang='lat' dir='ltr'>et</span> 
     </span>
     <span class='ocr_line' id='line_1_27' title="bbox 90 3111 1264 3198; baseline 0.003 -22"><span class='ocrx_word' id='word_1_217' title='bbox 90 3111 195 3178; x_wconf 91' lang='lat' dir='ltr'>honor</span> <span class='ocrx_word' id='word_1_218' title='bbox 218 3118 295 3178; x_wconf 90' lang='lat' dir='ltr'>tuus</span> <span class='ocrx_word' id='word_1_219' title='bbox 320 3111 429 3180; x_wconf 88' lang='lat' dir='ltr'>salvus</span> <span class='ocrx_word' id='word_1_220' title='bbox 452 3114 523 3179; x_wconf 88' lang='lat' dir='ltr'>erit.</span> <span class='ocrx_word' id='word_1_221' title='bbox 570 3113 679 3197; x_wconf 87' lang='lat' dir='ltr'>Spero,</span> <span class='ocrx_word' id='word_1_222' title='bbox 704 3113 780 3198; x_wconf 87' lang='lat' dir='ltr'>quia</span> <span class='ocrx_word' id='word_1_223' title='bbox 795 3111 936 3178; x_wconf 88' lang='lat' dir='ltr'>animam</span> <span class='ocrx_word' id='word_1_224' title='bbox 953 3118 987 3178; x_wconf 84' lang='lat' dir='ltr'>et</span> <span class='ocrx_word' id='word_1_225' title='bbox 1001 3112 1156 3180; x_wconf 88' lang='lat' dir='ltr'>honorem</span> <span class='ocrx_word' id='word_1_226' title='bbox 1172 3121 1264 3180; x_wconf 90' lang='lat' dir='ltr'>tuum</span> 
     </span>
     <span class='ocr_line' id='line_1_28' title="bbox 90 3216 1265 3307; baseline 0.003 -26"><span class='ocrx_word' id='word_1_227' title='bbox 90 3239 157 3284; x_wconf 92' lang='lat' dir='ltr'>non</span> <span class='ocrx_word' id='word_1_228' title='bbox 188 3216 338 3302; x_wconf 83' lang='lat' dir='ltr'>negliges.</span> <span class='ocrx_word' id='word_1_229' title='bbox 386 3219 505 3303; x_wconf 86' lang='lat' dir='ltr'>Accipe</span> <span class='ocrx_word' id='word_1_230' title='bbox 536 3241 608 3306; x_wconf 87' lang='lat' dir='ltr'>quae</span> <span class='ocrx_word' id='word_1_231' title='bbox 632 3218 738 3307; x_wconf 88' lang='lat' dir='ltr'>scribo</span> <span class='ocrx_word' id='word_1_232' title='bbox 763 3217 988 3303; x_wconf 81' lang='lat' dir='ltr'>syncerissimo</span> <span class='ocrx_word' id='word_1_233' title='bbox 1018 3220 1126 3286; x_wconf 92' lang='lat' dir='ltr'>animo</span> <span class='ocrx_word' id='word_1_234' title='bbox 1153 3220 1207 3303; x_wconf 91' lang='lat' dir='ltr'>pie</span> <span class='ocrx_word' id='word_1_235' title='bbox 1231 3224 1265 3286; x_wconf 88' lang='lat' dir='ltr'>et</span> 
     </span>
     <span class='ocr_line' id='line_1_29' title="bbox 91 3322 1265 3408; baseline 0.002 -21"><span class='ocrx_word' id='word_1_236' title='bbox 91 3322 190 3388; x_wconf 89' lang='lat' dir='ltr'>crede</span> <span class='ocrx_word' id='word_1_237' title='bbox 222 3323 253 3388; x_wconf 90' lang='lat' dir='ltr'>ei</span> <span class='ocrx_word' id='word_1_238' title='bbox 283 3323 339 3408; x_wconf 90' lang='lat' dir='ltr'>qui</span> <span class='ocrx_word' id='word_1_239' title='bbox 369 3330 417 3405; x_wconf 90' lang='lat' dir='ltr'>te,</span> <span class='ocrx_word' id='word_1_240' title='bbox 446 3346 510 3391; x_wconf 92' lang='lat' dir='ltr'>non</span> <span class='ocrx_word' id='word_1_241' title='bbox 541 3326 681 3408; x_wconf 90' lang='lat' dir='ltr'>seipsum</span> <span class='ocrx_word' id='word_1_242' title='bbox 715 3324 840 3408; x_wconf 86' lang='lat' dir='ltr'>quaerit.</span> <span class='ocrx_word' id='word_1_243' title='bbox 887 3323 952 3389; x_wconf 91' lang='lat' dir='ltr'>Oro</span> <span class='ocrx_word' id='word_1_244' title='bbox 979 3323 1097 3389; x_wconf 90' lang='lat' dir='ltr'>iterum</span> <span class='ocrx_word' id='word_1_245' title='bbox 1126 3333 1164 3389; x_wconf 85' lang='lat' dir='ltr'>ut</span> <span class='ocrx_word' id='word_1_246' title='bbox 1193 3346 1265 3391; x_wconf 91' lang='lat' dir='ltr'>cum</span> 
     </span>
     <span class='ocr_line' id='line_1_30' title="bbox 92 3424 1265 3514; baseline 0 -20"><span class='ocrx_word' id='word_1_247' title='bbox 92 3429 303 3512; x_wconf 85' lang='lat' dir='ltr'>praesentium</span> <span class='ocrx_word' id='word_1_248' title='bbox 327 3429 432 3497; x_wconf 89' lang='lat' dir='ltr'>latore</span> <span class='ocrx_word' id='word_1_249' title='bbox 453 3431 603 3497; x_wconf 88' lang='lat' dir='ltr'>facultati</span> <span class='ocrx_word' id='word_1_250' title='bbox 620 3428 753 3509; x_wconf 90' lang='lat' dir='ltr'>scribas,</span> <span class='ocrx_word' id='word_1_251' title='bbox 769 3434 808 3494; x_wconf 86' lang='lat' dir='ltr'>ut</span> <span class='ocrx_word' id='word_1_252' title='bbox 822 3427 1001 3514; x_wconf 89' lang='lat' dir='ltr'>importuni</span> <span class='ocrx_word' id='word_1_253' title='bbox 1017 3424 1265 3510; x_wconf 80' lang='lat' dir='ltr'>cbnfundantur,</span> 
     </span>
     <span class='ocr_line' id='line_1_31' title="bbox 96 3533 1266 3621; baseline 0.001 -22"><span class='ocrx_word' id='word_1_254' title='bbox 96 3535 175 3619; x_wconf 91' lang='lat' dir='ltr'>quia</span> <span class='ocrx_word' id='word_1_255' title='bbox 198 3535 242 3600; x_wconf 90' lang='lat' dir='ltr'>ad</span> <span class='ocrx_word' id='word_1_256' title='bbox 265 3541 377 3602; x_wconf 88' lang='lat' dir='ltr'>votum</span> <span class='ocrx_word' id='word_1_257' title='bbox 401 3536 469 3621; x_wconf 89' lang='lat' dir='ltr'>ejus</span> <span class='ocrx_word' id='word_1_258' title='bbox 492 3536 628 3601; x_wconf 89' lang='lat' dir='ltr'>licenter</span> <span class='ocrx_word' id='word_1_259' title='bbox 651 3538 684 3600; x_wconf 86' lang='lat' dir='ltr'>et</span> <span class='ocrx_word' id='word_1_260' title='bbox 706 3539 856 3617; x_wconf 89' lang='lat' dir='ltr'>prompte</span> <span class='ocrx_word' id='word_1_261' title='bbox 880 3533 1053 3599; x_wconf 88' lang='lat' dir='ltr'>emendare</span> <span class='ocrx_word' id='word_1_262' title='bbox 1069 3533 1155 3599; x_wconf 91' lang='lat' dir='ltr'>velis.</span> <span class='ocrx_word' id='word_1_263' title='bbox 1196 3533 1266 3612; x_wconf 86' lang='lat' dir='ltr'>Quo</span> 
     </span>
     <span class='ocr_line' id='line_1_32' title="bbox 91 3637 1266 3725; baseline -0.002 -21"><span class='ocrx_word' id='word_1_264' title='bbox 91 3637 164 3720; x_wconf 90' lang='lat' dir='ltr'>fiet,</span> <span class='ocrx_word' id='word_1_265' title='bbox 192 3643 231 3705; x_wconf 90' lang='lat' dir='ltr'>ut</span> <span class='ocrx_word' id='word_1_266' title='bbox 258 3662 317 3725; x_wconf 83' lang='lat' dir='ltr'>ego</span> <span class='ocrx_word' id='word_1_267' title='bbox 346 3662 423 3707; x_wconf 90' lang='lat' dir='ltr'>vera</span> <span class='ocrx_word' id='word_1_268' title='bbox 456 3640 621 3724; x_wconf 90' lang='lat' dir='ltr'>pollicitus</span> <span class='ocrx_word' id='word_1_269' title='bbox 650 3639 690 3704; x_wconf 92' lang='lat' dir='ltr'>de</span> <span class='ocrx_word' id='word_1_270' title='bbox 713 3644 746 3704; x_wconf 84' lang='lat' dir='ltr'>te</span> <span class='ocrx_word' id='word_1_271' title='bbox 771 3639 895 3720; x_wconf 90' lang='lat' dir='ltr'>videar,</span> <span class='ocrx_word' id='word_1_272' title='bbox 924 3644 957 3704; x_wconf 88' lang='lat' dir='ltr'>et</span> <span class='ocrx_word' id='word_1_273' title='bbox 985 3638 1075 3706; x_wconf 91' lang='lat' dir='ltr'>locus</span> <span class='ocrx_word' id='word_1_274' title='bbox 1099 3638 1266 3705; x_wconf 83' lang='lat' dir='ltr'>calumniae</span> 
     </span>
     <span class='ocr_line' id='line_1_33' title="bbox 93 3744 1264 3832; baseline -0.002 -22"><span class='ocrx_word' id='word_1_275' title='bbox 93 3744 239 3827; x_wconf 87' lang='lat' dir='ltr'>tollatur,</span> <span class='ocrx_word' id='word_1_276' title='bbox 262 3745 323 3812; x_wconf 92' lang='lat' dir='ltr'>hoc</span> <span class='ocrx_word' id='word_1_277' title='bbox 345 3768 474 3832; x_wconf 91' lang='lat' dir='ltr'>nanque</span> <span class='ocrx_word' id='word_1_278' title='bbox 497 3769 555 3814; x_wconf 91' lang='lat' dir='ltr'>nos</span> <span class='ocrx_word' id='word_1_279' title='bbox 580 3745 785 3811; x_wconf 88' lang='lat' dir='ltr'>commendat</span> <span class='ocrx_word' id='word_1_280' title='bbox 808 3752 841 3811; x_wconf 87' lang='lat' dir='ltr'>et</span> <span class='ocrx_word' id='word_1_281' title='bbox 864 3745 896 3810; x_wconf 92' lang='lat' dir='ltr'>in</span> <span class='ocrx_word' id='word_1_282' title='bbox 912 3744 999 3809; x_wconf 92' lang='lat' dir='ltr'>nullo</span> <span class='ocrx_word' id='word_1_283' title='bbox 1016 3745 1130 3810; x_wconf 89' lang='lat' dir='ltr'>obesse</span> <span class='ocrx_word' id='word_1_284' title='bbox 1145 3749 1264 3828; x_wconf 90' lang='lat' dir='ltr'>potest.</span> 
     </span>
     <span class='ocr_line' id='line_1_34' title="bbox 92 3846 1268 3937; baseline -0.003 -21"><span class='ocrx_word' id='word_1_285' title='bbox 92 3850 258 3919; x_wconf 89' lang='lat' dir='ltr'>Laboravi</span> <span class='ocrx_word' id='word_1_286' title='bbox 273 3852 458 3935; x_wconf 88' lang='lat' dir='ltr'>specialiter</span> <span class='ocrx_word' id='word_1_287' title='bbox 468 3874 527 3937; x_wconf 93' lang='lat' dir='ltr'>pro</span> <span class='ocrx_word' id='word_1_288' title='bbox 543 3852 591 3917; x_wconf 91' lang='lat' dir='ltr'>tui</span> <span class='ocrx_word' id='word_1_289' title='bbox 602 3850 788 3916; x_wconf 89' lang='lat' dir='ltr'>defensione</span> <span class='ocrx_word' id='word_1_290' title='bbox 798 3871 895 3935; x_wconf 90' lang='lat' dir='ltr'>super</span> <span class='ocrx_word' id='word_1_291' title='bbox 907 3851 970 3916; x_wconf 92' lang='lat' dir='ltr'>isto</span> <span class='ocrx_word' id='word_1_292' title='bbox 982 3851 1121 3917; x_wconf 89' lang='lat' dir='ltr'>articulo</span> <span class='ocrx_word' id='word_1_293' title='bbox 1132 3871 1194 3934; x_wconf 91' lang='lat' dir='ltr'>quo</span> <span class='ocrx_word' id='word_1_294' title='bbox 1207 3846 1268 3913; x_wconf 91' lang='lat' dir='ltr'>tibi</span> 
     </span>
     <span class='ocr_line' id='line_1_35' title="bbox 92 3954 1268 4043; baseline -0.002 -21"><span class='ocrx_word' id='word_1_295' title='bbox 92 3957 341 4043; x_wconf 80' lang='lat' dir='ltr'>impingebatur,</span> <span class='ocrx_word' id='word_1_296' title='bbox 367 3958 444 4043; x_wconf 92' lang='lat' dir='ltr'>quia</span> <span class='ocrx_word' id='word_1_297' title='bbox 460 3958 654 4043; x_wconf 91' lang='lat' dir='ltr'>scripsisses,</span> <span class='ocrx_word' id='word_1_298' title='bbox 671 3955 860 4022; x_wconf 76' lang='lat' dir='ltr'>Christum²</span> <span class='ocrx_word' id='word_1_299' title='bbox 876 3955 1017 4039; x_wconf 83' lang='lat' dir='ltr'>legitime</span> <span class='ocrx_word' id='word_1_300' title='bbox 1042 3961 1075 4022; x_wconf 90' lang='lat' dir='ltr'>et</span> <span class='ocrx_word' id='word_1_301' title='bbox 1094 3954 1268 4041; x_wconf 88' lang='lat' dir='ltr'>juridicea</span> 
     </span>
    </p>
   </div>
   <div class='ocr_carea' id='block_1_4' title="bbox 669 4131 686 4174">
    <p class='ocr_par' dir='ltr' id='par_1_5' title="bbox 669 4131 686 4174">
     <span class='ocr_line' id='line_1_36' title="bbox 669 4131 686 4174; baseline 0 0"><span class='ocrx_word' id='word_1_302' title='bbox 669 4131 686 4174; x_wconf 59' lang='lat' dir='ltr'>f</span> 
     </span>
    </p>
   </div>
   <div class='ocr_carea' id='block_1_5' title="bbox 86 4236 1269 4561">
    <p class='ocr_par' dir='ltr' id='par_1_6' title="bbox 86 4236 1269 4553">
     <span class='ocr_line' id='line_1_37' title="bbox 169 4236 1269 4309; baseline -0.001 -19"><span class='ocrx_word' id='word_1_303' title='bbox 169 4242 181 4290; x_wconf 90' lang='lat' dir='ltr'>l</span> <span class='ocrx_word' id='word_1_304' title='bbox 202 4238 355 4308; x_wconf 77' lang='lat' dir='ltr'>Theologiae</span> <span class='ocrx_word' id='word_1_305' title='bbox 368 4244 394 4292; x_wconf 78' lang='lat'>2.</span> <span class='ocrx_word' id='word_1_306' title='bbox 429 4246 443 4292; x_wconf 79' lang='lat' dir='ltr'>t</span> <span class='ocrx_word' id='word_1_307' title='bbox 458 4240 591 4293; x_wconf 85' lang='lat' dir='ltr'>Christum</span> <span class='ocrx_word' id='word_1_308' title='bbox 605 4277 611 4292; x_wconf 92' lang='lat'><strong>.</strong></span> <span class='ocrx_word' id='word_1_309' title='bbox 625 4279 631 4292; x_wconf 90' lang='lat'><em>.</em></span> <span class='ocrx_word' id='word_1_310' title='bbox 646 4239 856 4309; x_wconf 82' lang='lat' dir='ltr'>condemnatum]</span> <span class='ocrx_word' id='word_1_311' title='bbox 866 4240 914 4293; x_wconf 81' lang='lat' dir='ltr'>dos</span> <span class='ocrx_word' id='word_1_312' title='bbox 926 4238 973 4291; x_wconf 86' lang='lat' dir='ltr'>hat</span> <span class='ocrx_word' id='word_1_313' title='bbox 991 4238 1040 4292; x_wconf 66' lang='grc' dir='ltr'>πο]</span> <span class='ocrx_word' id='word_1_314' title='bbox 1051 4237 1181 4290; x_wconf 85' lang='lat' dir='ltr'>Reucblin</span> <span class='ocrx_word' id='word_1_315' title='bbox 1194 4236 1269 4289; x_wconf 83' lang='lat' dir='ltr'>nicht</span> 
     </span>
     <span class='ocr_line' id='line_1_38' title="bbox 93 4325 1269 4397; baseline -0.002 -17"><span class='ocrx_word' id='word_1_316' title='bbox 93 4336 196 4397; x_wconf 76' lang='lat' dir='ltr'>gesagt,</span> <span class='ocrx_word' id='word_1_317' title='bbox 210 4330 324 4380; x_wconf 86' lang='lat' dir='ltr'>soudern</span> <span class='ocrx_word' id='word_1_318' title='bbox 338 4341 399 4384; x_wconf 85' lang='lat' dir='ltr'>nur:</span> <span class='ocrx_word' id='word_1_319' title='bbox 413 4330 522 4381; x_wconf 87' lang='lat' dir='ltr'>darumb</span> <span class='ocrx_word' id='word_1_320' title='bbox 536 4367 542 4382; x_wconf 91' lang='lat'><strong>.</strong></span> <span class='ocrx_word' id='word_1_321' title='bbox 557 4368 563 4381; x_wconf 90' lang='lat'><strong>.</strong></span> <span class='ocrx_word' id='word_1_322' title='bbox 578 4330 625 4381; x_wconf 86' lang='lat' dir='ltr'>das</span> <span class='ocrx_word' id='word_1_323' title='bbox 635 4330 673 4380; x_wconf 86' lang='lat' dir='ltr'>sic</span> <span class='ocrx_word' id='word_1_324' title='bbox 688 4329 835 4394; x_wconf 85' lang='lat' dir='ltr'>schreibsu,</span> <span class='ocrx_word' id='word_1_325' title='bbox 856 4329 903 4381; x_wconf 84' lang='lat' dir='ltr'>das</span> <span class='ocrx_word' id='word_1_326' title='bbox 914 4330 994 4380; x_wconf 79' lang='lat' dir='ltr'>decus</span> <span class='ocrx_word' id='word_1_327' title='bbox 1012 4328 1074 4378; x_wconf 83' lang='lat' dir='ltr'>kain</span> <span class='ocrx_word' id='word_1_328' title='bbox 1086 4333 1134 4394; x_wconf 82' lang='lat' dir='ltr'>got</span> <span class='ocrx_word' id='word_1_329' title='bbox 1148 4327 1194 4391; x_wconf 85' lang='lat' dir='ltr'>sei,</span> <span class='ocrx_word' id='word_1_330' title='bbox 1207 4325 1269 4378; x_wconf 89' lang='lat' dir='ltr'>und</span> 
     </span>
     <span class='ocr_line' id='line_1_39' title="bbox 86 4416 1266 4553; baseline -0.001 -85"><span class='ocrx_word' id='word_1_331' title='bbox 86 4417 180 4468; x_wconf 73' lang='lat' dir='ltr'>alles</span> <span class='ocrx_word' id='word_1_332' title='bbox 199 4416 255 4469; x_wconf 83' lang='lat' dir='ltr'>das</span> <span class='ocrx_word' id='word_1_333' title='bbox 275 4417 390 4470; x_wconf 82' lang='lat' dir='ltr'>darous</span> <span class='ocrx_word' id='word_1_334' title='bbox 411 4419 465 4470; x_wconf 92' lang='lat' dir='ltr'>vol</span> <span class='ocrx_word' id='word_1_335' title='bbox 473 4426 515 4488; x_wconf 82' lang='lat' dir='ltr'>gt,</span> <span class='ocrx_word' id='word_1_336' title='bbox 535 4419 582 4470; x_wconf 87' lang='lat' dir='ltr'>das</span> <span class='ocrx_word' id='word_1_337' title='bbox 602 4419 637 4469; x_wconf 86' lang='lat' dir='ltr'>ist</span> <span class='ocrx_word' id='word_1_338' title='bbox 657 4420 680 4469; x_wconf 90' lang='lat' dir='ltr'>ir</span> <span class='ocrx_word' id='word_1_339' title='bbox 693 4420 784 4487; x_wconf 81' lang='lat' dir='ltr'>glaub,</span> <span class='ocrx_word' id='word_1_340' title='bbox 804 4419 856 4470; x_wconf 88' lang='lat' dir='ltr'>und</span> <span class='ocrx_word' id='word_1_341' title='bbox 872 4417 977 4470; x_wconf 82' lang='lat' dir='ltr'>w&#39;dllent</span> <span class='ocrx_word' id='word_1_342' title='bbox 991 4416 1086 4553; x_wconf 38' lang='lat' dir='ltr'>derqnqt</span> <span class='ocrx_word' id='word_1_343' title='bbox 1098 4417 1201 4467; x_wconf 84' lang='lat' dir='ltr'>nieman</span> <span class='ocrx_word' id='word_1_344' title='bbox 1222 4432 1266 4484; x_wconf 76' lang='lat' dir='ltr'>ge·</span> 
     </span>
    </p>

    <p class='ocr_par' dir='ltr' id='par_1_7' title="bbox 121 4516 269 4561">
     <span class='ocr_line' id='line_1_40' title="bbox 121 4516 269 4561; baseline -0.02 0"><span class='ocrx_word' id='word_1_345' title='bbox 121 4516 269 4561; x_wconf 79' lang='lat' dir='ltr'>Rcuchltn</span> 
     </span>
    </p>
   </div>
   <div class='ocr_carea' id='block_1_6' title="bbox 0 0 1366 4898">
    <p class='ocr_par' dir='ltr' id='par_1_8' title="bbox 0 0 1366 4898">
     <span class='ocr_line' id='line_1_41' title="bbox 0 0 1366 4898; baseline 0 0"><span class='ocrx_word' id='word_1_346' title='bbox 0 0 1366 4898; x_wconf 95' lang='lat' dir='ltr'> </span> 
     </span>
    </p>
   </div>
  </div>
 </body>
</html>
