2716 4898
661 286 701 355 79

94 479 194 562 habe,
220 479 297 548 dass
326 504 361 548 cr
383 481 593 548 uachrichteu
617 504 677 547 von
702 479 764 548 R'e.
789 480 865 546 tode
888 481 1089 567 widerlegte,
1114 483 1165 550 die
1189 480 1264 550 Vin·

93 589 220 654 centius
245 588 333 653 Wolf
352 589 384 652 in
409 587 602 672 Strassburg
624 585 804 653 vorbreitet
833 586 927 652 habe.
973 589 1019 654 Er
1045 590 1151 655 werde
1175 590 1263 655 scine
1352 660 1354 665 ,

91 692 339 776 engelegenheit
362 693 532 777 mdgliehst
548 693 680 759 fiirdern
698 693 764 758 und
781 692 863 757 bitte
880 692 944 772 ihu,
968 693 1070 759 durch
1086 695 1148 760 den
1164 695 1264 762 boten

90 797 142 864 die
167 799 263 864 Bulle
287 821 325 863 zu
349 799 568 878 iibersendeu,
600 798 652 863 die
682 798 740 863 der
765 797 846 862 dom.
872 819 972 864 rever.
997 799 1063 863 ihm
1085 799 1263 866 kostcnfrei

91 902 297 969 verschaffen
322 905 420 969 welle.
468 906 517 969 Ex
542 903 728 987 Argenuus
753 902 931 986 penultima
954 905 1091 989 Augusti
1116 910 1208 970 1502.

183 1012 347 1072 Gedruckt:
378 1019 453 1072 1:
473 1014 504 1074 Ο.
528 1033 554 1072 v.
573 1031 597 1072 e.
615 1008 642 1072 ib
658 1013 714 1088 fg.;
740 1018 757 1072 2
777 1035 819 1068 =
835 1013 863 1073 J.
887 1030 914 1072 v.
931 1031 957 1074 e.
974 1014 991 1073 'l
1012 1020 1064 1087 4⁶;
1092 1019 1169 1074 3:
1186 1014 1217 1075 O.
1234 1030 1260 1076 r.

89 1135 115 1177 e.
134 1117 163 1176 Il
182 1117 232 1176 fol.
252 1114 337 1178 67ob.

598 1203 753 1269 LXXXV.

164 1291 295 1356 Venedig.
945 1297 977 1343 24
1000 1291 1125 1344 Decemb.
1149 1294 1224 1344 1602.

224 1378 344 1453 Aldus
366 1378 377 1425 ¹
396 1379 585 1454 Romanus
606 1381 632 1454 J
634 1380 746 1454 oanni
766 1380 948 1455 Reuchlin
967 1381 1133 1456 salutem.

131 1528 134 1533 ·
182 1502 343 1567 Delectari
360 1508 392 1567 ta
409 1500 580 1586 plurimum
598 1503 702 1567 literis
720 1509 753 1568 et
776 1501 944 1569 laboribus
961 1505 1091 1582 uostris,
1115 1503 1258 1586 Oepuion

87 1608 142 1687 mi,
159 1606 358 1687 suavissime,
375 1609 610 1693 quantumipse
628 1608 780 1687 delecter,
796 1629 859 1672 non
868 1606 961 1672 facile
978 1608 1171 1691 scripserim,
1189 1614 1259 1673 tum

88 1713 168 1799 quia
196 1713 395 1796 principibus
420 1713 432 1753 ¹
455 1714 615 1797 placuisse
649 1713 726 1778 viris
751 1734 813 1778 nou
838 1710 948 1777 infima
971 1712 1041 1778 laus
1067 1712 1080 1751 ³
1103 1718 1165 1792 est,
1190 1719 1261 1779 tum

87 1819 190 1884 etiam
221 1819 298 1902 quia
328 1819 399 1884 laus
422 1818 486 1884 ista
509 1820 661 1904 quoniam
685 1841 705 1885 a
729 1825 761 1884 to
785 1817 918 1884 laudato
944 1819 1011 1883 viro
1036 1815 1261 1901 proficiscitur,

89 1923 181 2002 iacit,
206 1925 220 1962 ⁴
244 1929 281 1988 ut
302 1945 353 1989 me
378 1945 448 1989 esse
472 1923 614 2009 aliquem
635 1932 755 2008 putem.
796 1922 864 1990 Sed
887 1923 983 1988 deum
1005 1923 1170 2007 Optimum
1194 1925 1261 1989 Ma·

88 2029 212 2093 ximum
238 2050 304 2109 oro,
328 2035 365 2094 ut
387 2029 440 2094 diu
465 2028 553 2094 alter
578 2030 713 2095 alterius
737 2029 844 2095 studio
868 2028 1026 2095 delectari
1056 2029 1214 2113 possimus
1230 2029 1262 2093 in

88 2134 158 2199 dies
190 2133 309 2217 magis,
339 2132 425 2217 quod
449 2155 512 2198 non
537 2133 651 2200 dubito
675 2133 820 2201 futurum
847 2134 892 2214 si,
929 2133 1084 2219 quamdiu
1107 2133 1261 2217 prodesse

89 2237 276 2304 hominibus
288 2239 391 2321 possit
402 2239 599 2317 vitanostra,
611 2244 748 2324 uterque
762 2239 943 2305 vixerimus.
980 2238 1095 2305 Libros
1114 2238 1235 2305 omneis
1249 2236 1262 2278 ⁶

89 2366 171 2428 quos
194 2342 342 2422 volebas,
373 2345 424 2409 cui
444 2344 570 2427 jussisti
596 2343 743 2409 dedimus
765 2350 885 2428 praeter
909 2344 1057 2410 Nonuum
1082 2349 1115 2410 et
1141 2343 1262 2427 Grego-

88 2449 173 2514 rium
186 2449 213 2530 6;
229 2448 369 2515 nondum
388 2448 472 2514 enirn
489 2448 577 2513 exire
593 2448 625 2512 in
641 2447 806 2532 publicum
822 2455 967 2533 possunt.
999 2447 1092 2526 Quod
1107 2469 1184 2515 vero
1203 2448 1262 2513 mi-

89 2556 179 2618 noris
193 2555 266 2619 istic
284 2560 412 2620 nostros
429 2575 535 2619 emere
555 2552 656 2619 libros
687 2576 787 2638 queas
804 2555 912 2619 miror.
952 2553 1083 2619 Certum
1103 2559 1153 2618 est
1176 2553 1261 2617 enim

89 2681 152 2723 non
174 2659 307 2724 minoris
331 2679 368 2724 eo
391 2659 484 2724 vendi
508 2658 580 2724 illos
607 2659 759 2738 Venetiis,
785 2658 921 2743 quanti⁷
946 2657 1161 2723 constiterunt
1193 2656 1262 2737 tibi,

90 2765 188 2828 immo
204 2765 313 2848 potius
329 2763 441 2847 pluris.
488 2764 552 2829 Sed
567 2770 648 2847 puto
673 2785 743 2830 esse
768 2784 901 2830 causam
926 2762 1075 2847 quoniam
1099 2768 1261 2828 mercator

88 2870 153 2934 iste
172 2890 246 2933 cunr
261 2868 402 2951 accipiat
424 2889 444 2933 a
468 2870 624 2935 societate
643 2868 656 2908 ⁸
680 2875 794 2934 nostra
816 2868 960 2934 Venetiie
983 2889 1080 2952 qnam
1102 2866 1259 2952 plurimos

90 2973 186 3040 simul
209 2973 311 3038 libros
335 2980 368 3039 et
391 2974 522 3040 minoris
547 2995 645 3058 quarn
668 2973 851 3040 venduntur
875 2971 991 3059 singuli
1014 2978 1061 3055 ut,
1087 2994 1183 3058 quem
1206 2971 1264 3039 ad·

90 3078 223 3146 modum
246 3098 373 3163 aequum
397 3085 455 3159 est,
479 3085 512 3144 et
535 3080 604 3163 ipse
628 3079 750 3145 lucrari
773 3079 877 3163 possit
896 3067 1037 3163 aliquid,
1065 3099 1125 3144 nec
1148 3083 1262 3144 tsme'u

90 3182 197 3250 solvat
220 3184 348 3266 (damus
373 3185 455 3249 euim
478 3185 525 3249 illi
541 3182 584 3249 ad
599 3187 742 3268 tempus)
765 3184 868 3268 gratis
884 3205 938 3250 eos
955 3184 1096 3250 sortasse
1112 3181 1262 3250 habuisse

90 3295 189 3374 putat
206 3289 228 3353 ⁹.
274 3289 354 3355 Vale
379 3289 522 3354 Venetiis
549 3294 590 3354 24
615 3289 803 3355 Decembris
830 3294 923 3354 1502.

90 3482 157 3534 vird
173 3484 240 3534 1603
260 3498 319 3533 auur
342 3484 430 3534 rektor
449 3483 494 3534 der
513 3423 853 3546 universltittaelleidclberg
871 3479 1000 3547 geullhlt3
1021 3496 1043 3531 s.
1064 3479 1184 3543 Sohund
1203 3478 1262 3547 eyl-

93 3570 174 3620 lebus
187 3569 327 3620 Raetorum
340 3571 361 3632 1,
380 3587 400 3621 e.
416 3573 464 3632 833
483 3569 602 3620 seluretltr
619 3570 665 3621 des
681 3570 810 3620 Ralmund
830 3584 855 3618 v.
870 3567 953 3629 Gurle,
972 3566 1018 3617 der
1036 3566 1103 3618 ench
1122 3568 1148 3617 ln
1163 3568 1262 3621 diesem

93 3655 167 3708 brief
183 3657 224 3707 ele
244 3657 364 3708 dominus
384 3657 617 3709 reverendissimus
636 3658 791 3708 bezeichnet
810 3655 892 3706 wird‘l
933 3656 982 3706 Die
1006 3653 1199 3722 goeohttltlielre
1217 3673 1263 3709 eu·
1290 3725 1292 3730 Ι

94 3743 266 3811 gelegenhcit
284 3744 355 3808 eber,
373 3760 416 3795 um
437 3744 479 3796 die
497 3760 525 3795 es
545 3745 601 3796 sich
623 3743 738 3808 herdolt,
757 3745 791 3794 ist
809 3743 858 3794 mir
875 3742 950 3793 nicht
968 3743 1092 3795 bekannt.

166 3839 175 3883 l
204 3833 347 3884 Manutius.
385 3832 446 3899 vgl.
472 3832 522 3884 den
548 3831 646 3883 diesem
673 3832 755 3883 briele
780 3831 999 3897 vorangehenden
1024 3831 1096 3885 brief
1117 3830 1261 3884 Reuehlins

90 3920 126 3971 im
146 3919 262 3986 anhang.
326 3925 341 3970 2
361 3921 525 3988 principibus
545 3918 605 3987 eta]
626 3921 714 3970 Horon
733 3919 816 3985 Epist.
835 3919 856 3981 l,
877 3924 916 3982 17,
937 3922 978 3972 85.
1042 3923 1057 3970 3
1078 3921 1143 3972 viris
1162 3919 1262 3986 congel.

89 4013 116 4062 4.
134 4009 229 4060 ultime
248 4009 291 4058 liic
308 4008 399 4059 infime
410 4013 435 4059 4.
490 4007 592 4058 slecis
610 4011 633 4057 2.
692 4008 817 4057 lomnes
832 4011 855 4058 4.
910 4008 998 4059 obet
1015 4007 1122 4059 Nonnne
1142 4006 1262 4058 erechleu

90 4097 244 4163 ssrleohlsch
270 4101 324 4145 eret
345 4098 419 4159 1504,
443 4095 587 4160 Gregorius
606 4095 654 4143 mit
678 4093 849 4145 lateinisches·
867 4095 1044 4161 iibersetaung
1061 4095 1088 4144 in
1111 4093 1261 4146 demselbeu

88 4183 172 4248 lehre.
202 4186 278 4235 dnm.
303 4182 431 4233 Sohliclre.
495 4186 509 4232 7
530 4179 631 4250 [quem]
650 4181 742 4246 quanti
762 4185 787 4231 4.
849 4183 952 4233 8Eine
976 4182 1124 4233 bestimmte
1148 4181 1262 4231 societas

91 4271 163 4324 lette
183 4271 268 4323 Aldus
287 4270 372 4332 nicht;
389 4269 526 4320 vielleicht
543 4274 644 4320 selnten
664 4269 752 4335 einige
771 4268 921 4335 mitglicder
940 4267 986 4320 der
1004 4267 1148 4331 ekedemie,
1167 4268 1210 4320 die
1229 4285 1262 4322 au

93 4357 141 4411 den
158 4361 254 4413 kosten
274 4356 419 4424 beitmgen,
438 4355 505 4407 such
525 4354 567 4406 die
585 4356 672 4423 preire
685 4357 744 4406 sest.
775 4357 851 4406 dum.
867 4355 994 4408 Schllcks.
1049 4357 1065 4406 9
1084 4353 1132 4426 [ee]
1148 4364 1224 4427 putet
1235 4361 1263 4416 4.
