2790 4882
670 275 732 342 106

115 463 235 532 cortice
259 465 372 533 relicto
395 465 495 533 altius
517 463 692 533 medullam
715 466 907 551 pollicetur,
930 487 970 532 ea
992 467 1069 535 solis
1092 472 1211 552 parata
1233 471 1285 536 est

115 590 179 637 non
202 576 328 637 tanturn
352 573 630 658 contemplativis,
659 594 770 639 verum
802 575 880 638 etim
904 573 1098 639 doctissimis
1113 573 1201 640 illius
1225 573 1284 641 lin·

114 697 185 760 guae
200 675 393 742 hominibus.
432 679 501 756 Quo
523 679 626 761 magis
641 678 829 744 Latinorum
853 679 980 763 aliquos
1000 679 1179 745 demiratus
1202 699 1283 760 sum,

114 781 202 867 quod
225 803 259 847 se
283 783 606 868 interpretationibus
621 783 735 849 Bibliae
759 785 962 867 ingesserunt
985 785 1041 868 qui
1063 805 1122 850 nec
1137 784 1283 850 litteram

114 885 310 953 Hebraioam
334 889 534 973 inspexerint
557 888 704 972 quidem,
731 911 771 954 ne
795 890 901 956 dicam
925 891 1141 974 cognoverint.
1187 890 1283 956 Unde

113 1013 220 1058 nonne
242 993 387 1059 futurum
411 1000 462 1059 est
485 1000 522 1060 ut
545 995 625 1060 risui
647 995 823 1061 multorum
840 1001 985 1081 pateant,
1008 997 1140 1060 tametsi
1163 996 1283 1062 colum-

113 1119 163 1163 nae
186 1098 357 1164 videantur
380 1098 532 1166 eeclesiae.
579 1100 628 1164 Tu
649 1101 765 1184 igitur,
788 1122 862 1166 mea
884 1101 1056 1179 sententia,
1078 1107 1168 1166 recte
1191 1101 1283 1182 facis,

113 1204 169 1288 qui
191 1204 311 1269 fratres
334 1208 408 1270 tuos
430 1204 583 1285 hortaris,
606 1211 644 1270 ut
666 1206 806 1271 turbidis
828 1227 987 1291 aquarum
1006 1207 1087 1271 rivis
1110 1209 1283 1273 contemtis

112 1308 248 1374 fontium
264 1309 441 1392 puritatem
459 1311 694 1394 amplexentur,
718 1311 751 1376 id
769 1319 819 1377 est
834 1317 871 1377 ut
885 1332 949 1376 uno
973 1311 1073 1379 verbo
1089 1312 1283 1378 concludam

112 1420 150 1479 ut
170 1412 334 1479 Hebraico
356 1415 389 1480 in
414 1415 449 1480 V.
481 1416 699 1496 Testamenta
731 1423 765 1482 et
788 1416 912 1481 Graeca
935 1417 968 1481 iu
990 1417 1079 1482 Novo
1104 1422 1282 1482 sectentur.

113 1518 194 1584 Cum
216 1520 315 1604 igitur
331 1519 537 1606 Neophytum
553 1522 691 1606 aliquem
716 1522 868 1587 hebraice
886 1523 1016 1587 doctum
1040 1529 1156 1589 nactus
1179 1522 1282 1604 fuero,

112 1625 155 1691 ad
178 1632 211 1691 te
239 1611 372 1697 ‘mittam
399 1629 425 1707 ¹¹,
461 1633 498 1692 ut
521 1628 626 1695 sribis.
672 1629 720 1693 Tu
743 1628 869 1693 interea
889 1627 953 1693 ,fao
976 1627 1077 1694 libros
1101 1627 1294 1694 Hebraicos¹

110 1737 237 1798 mature
255 1730 419 1811 corrodas,
443 1732 655 1818 undecunque
672 1734 804 1818 poteris.
829 1733 909 1800 Vale
933 1738 967 1800 et
981 1754 1032 1799 me
1055 1733 1281 1800 ama'Datum

112 1836 216 1904 Ulmae
241 1843 269 1901 5.
293 1836 340 1902 ld.
364 1838 435 1903 Oct.
463 1844 548 1905 1508

202 1945 363 2008 Gedruolrt:
382 1947 540 2008 Schelhorn
555 1943 592 2030 (s.
609 1944 650 2029 o.)
667 1963 690 2009 s.
709 1949 782 2008 594.
802 1949 875 2009 596.

653 2148 736 2215 CIII.

183 2255 318 2321 (nou-nr)
1031 2260 1061 2307 31
1082 2256 1144 2308 ran.
1168 2259 1244 2308 1509.

111 2358 359 2462 Hieronymus
386 2361 432 2436 de
455 2359 624 2457 Eudorff,
654 2361 783 2436 doctor
805 2372 841 2435 et
865 2361 970 2436 miles
990 2358 1075 2434 8'an
1096 2360 1282 2436 Reuchlin

112 2523 238 2592 schiclrt
261 2526 332 2590 eine
366 2525 502 2608 goldene
525 2530 652 2604 minae,
683 2525 802 2591 welche
826 2524 885 2591 aui
911 2525 970 2590 der
993 2525 1084 2590 einen
1117 2525 1198 2590 seite
1222 2525 1282 2591 das

109 2629 179 2695 bild
209 2631 295 2696 eines
327 2630 603 2713 kreuztrageuden
642 2632 759 2711 iduen,
795 2633 854 2696 auf
884 2630 942 2697 der
976 2631 1100 2696 andern
1133 2630 1192 2695 das
1223 2631 1282 2696 des

110 2735 248 2801 Petraus
278 2740 382 2820 trdgt‚
420 2757 479 2800 aus
512 2736 752 2820 bewunderung
790 2737 844 2802 fiir
878 2736 1050 2802 Reuchlins
1088 2736 1282 2803 hebraische

112 2841 314 2924 grammatilr.
362 2842 407 2905 Er
433 2841 518 2905 baba
542 2843 578 2905 R.
610 2863 668 2908 vor
703 2847 743 2908 10
771 2843 888 2927 jain-en
919 2843 1037 2908 einmal
1066 2840 1198 2925 fiiichtig
1229 2864 1282 2926 ge·

52 3024 61 3039 „
111 2946 229 3026 seben,
256 2933 348 3011 welle
372 2967 437 3011 nun
461 2947 531 3011 sich
553 2947 619 3010 ihm
643 2947 761 3012 wieder
784 2949 817 3012 iu
841 2950 1034 3033 erinnerung
1056 2949 1189 3032 bringeri
1213 2947 1282 3013 und

110 3051 207 3132 bitte,
240 3052 282 3117 da
313 3073 349 3116 er
379 3051 447 3116 sich
471 3052 520 3116 als
550 3051 762 3118 kaiserlicber
794 3055 869 3120 rath
900 3055 983 3120 nach
1015 3055 1116 3120 hause
1147 3054 1282 3119 zuriiclr-

683 3214 700 3252 8

186 3325 194 3368 i
218 3319 329 3388 mittam]
344 3319 437 3385 Spttter
459 3319 598 3385 entspraoh
618 3319 749 3372 Reucblin
770 3321 828 3372 dem
849 3321 972 3371 wunscbe
992 3319 1036 3368 des
1056 3318 1139 3381 abtes,
1158 3335 1178 3368 s.
1199 3328 1281 3371 untan

110 3425 165 3459 nro.
188 3407 267 3469 CXV,
285 3406 333 3457 den
345 3395 497 3473 'gesandten
517 3407 602 3458 lebrer
626 3409 759 3476 empfieblt
778 3409 846 3459 daun
865 3408 996 3473 Ellenbog
1016 3408 1074 3455 dem
1095 3405 1198 3457 Conrad
1214 3410 1282 3458 Peu-

111 3498 198 3563 iingcr
221 3499 285 3546 1510
312 3512 357 3544 zur
378 3499 596 3562 unterstittzung.·
624 3498 672 3548 Est
695 3498 774 3547 bomo
799 3513 832 3545 ex
851 3494 972 3544 Hebraeis
995 3503 1087 3556 natus,
1115 3493 1161 3543 sed
1181 3494 1280 3546 dudum

111 3584 277 3651 baptismatis
297 3583 368 3632 fonte
388 3592 501 3648 renatus,
521 3600 609 3651 quem
626 3585 839 3635 doctissimus
865 3582 923 3631 ille
947 3581 1093 3648 Gapnion
1121 3583 1153 3632 ad
1173 3598 1222 3633 nos
1242 3584 1281 3634 di·

110 3675 187 3734 rexit,
206 3681 234 3722 ut
252 3671 369 3721 hebraici
388 3675 516 3724 sermonis
534 3673 778 3739 pronunciationem
798 3671 862 3720 mibi
881 3670 1001 3734 traderet,
1021 3671 1090 3735 quod
1111 3679 1137 3722 et
1149 3689 1193 3739 per
1209 3689 1281 3723 men·

110 3778 166 3813 sem
198 3776 266 3810 nuno
300 3760 412 3810 fideliter
440 3763 517 3811 iecit:
554 3762 640 3823 Quum
670 3776 731 3809 vero
762 3760 841 3810 certis
869 3758 1036 3809 obstantibus
1068 3761 1155 3810 causis
1181 3760 1282 3812 diutius

112 3849 181 3916 apud
204 3865 253 3899 nos
277 3865 355 3915 agere
374 3864 426 3899 non
446 3851 543 3916 possit,
570 3854 670 3898 tanturn
690 3847 772 3897 Tuam
798 3854 916 3914 rogatam
941 3846 1023 3896 habes
1043 3849 1232 3899 humanitatem
1253 3857 1283 3900 ut

110 3938 197 4003 magis
216 3953 267 3987 non
286 3938 399 4003 possim,
420 3944 549 4003 quatenus
568 3936 591 3986 ei
611 3934 761 4001 adjumento
781 3950 839 3984 csse
859 3935 934 3998 velis,
954 3943 981 3985 ut
1000 3937 1136 3986 servitium
1150 3936 1282 4002 quoddam

111 4023 248 4076 honestum
272 4028 378 4091 assequi
405 4027 495 4092 possit.
536 4024 590 4074 Der
613 4023 684 4073 briei
704 4022 881 4088 abgedruelrt:
908 4024 1020 4076 Conradi
1044 4025 1197 4090 Peutingeri
1223 4026 1282 4075 Ser·

110 4129 202 4164 mones
227 4114 418 4164 Convivales..
436 4111 573 4161 Accedunt
597 4111 722 4177 Epistola
745 4111 851 4164 ineditae
876 4113 907 4163 ed
931 4115 962 4164 G.
987 4114 1028 4162 W.
1048 4112 1121 4178 Zapt
1154 4113 1281 4177 Augustae

114 4203 187 4252 1789.
226 4204 294 4268 Epp.
320 4218 375 4253 nro.
400 4200 451 4249 VlI
475 4215 495 4248 s.
524 4201 573 4248 148
596 4216 635 4265 sq.
709 4205 723 4249 2
750 4200 862 4251 Eudorff
886 4202 949 4251 oder
974 4199 1099 4249 Endoril‘?
1136 4200 1196 4266 Vgl.
1226 4201 1282 4250 drei

109 4289 236 4341 schrilten
258 4290 343 4341 dieses
369 4295 444 4338 sonat
462 4303 531 4353 ganz
565 4288 751 4340 unbekannten
771 4306 879 4343 mannes
909 4288 952 4344 bei
973 4288 1083 4351 welles,
1108 4290 1281 4362 ‘epitimium

112 4379 342 4454 typographicum.
380 4375 442 4426 Nro.
464 4379 540 4448 nelo,
561 4379 638 4441 3386,
658 4379 735 4427 3387.
