<?xml version="1.0" encoding="UTF-8"?>
<!DOCTYPE html PUBLIC "-//W3C//DTD XHTML 1.0 Transitional//EN"
    "http://www.w3.org/TR/xhtml1/DTD/xhtml1-transitional.dtd">
<html xmlns="http://www.w3.org/1999/xhtml" xml:lang="en" lang="en">
 <head>
  <title>
</title>
<meta http-equiv="Content-Type" content="text/html;charset=utf-8" />
  <meta name='ocr-system' content='tesseract 3.04.00' />
  <meta name='ocr-capabilities' content='ocr_page ocr_carea ocr_par ocr_line ocrx_word'/>
</head>
<body>
  <div class='ocr_page' id='page_1' title='image "./johannreuchlins00reucgoog/johannreuchlins00reucgoog_0370.png"; bbox 0 0 2716 4898; ppageno 0'>
   <div class='ocr_carea' id='block_1_1' title="bbox 708 301 773 367">
    <p class='ocr_par' dir='ltr' id='par_1_1' title="bbox 708 301 773 367">
     <span class='ocr_line' id='line_1_1' title="bbox 708 301 773 367; baseline 0 0"><span class='ocrx_word' id='word_1_1' title='bbox 708 301 773 367; x_wconf 75' lang='lat'><strong>358</strong></span> 
     </span>
    </p>
   </div>
   <div class='ocr_carea' id='block_1_2' title="bbox 150 489 1303 575">
    <p class='ocr_par' dir='ltr' id='par_1_2' title="bbox 150 489 1303 575">
     <span class='ocr_line' id='line_1_2' title="bbox 150 489 1303 575; baseline -0.011 -6"><span class='ocrx_word' id='word_1_2' title='bbox 150 524 201 569; x_wconf 85' lang='lat' dir='ltr'><strong>me</strong></span> <span class='ocrx_word' id='word_1_3' title='bbox 224 501 414 567; x_wconf 82' lang='lat' dir='ltr'><strong>commenda</strong></span> <span class='ocrx_word' id='word_1_4' title='bbox 438 520 510 564; x_wconf 90' lang='lat' dir='ltr'><strong>cum</strong></span> <span class='ocrx_word' id='word_1_5' title='bbox 535 495 683 563; x_wconf 86' lang='lat' dir='ltr'><strong>omnibus</strong></span> <span class='ocrx_word' id='word_1_6' title='bbox 707 494 810 561; x_wconf 81' lang='lat' dir='ltr'><strong>nostri</strong></span> <span class='ocrx_word' id='word_1_7' title='bbox 837 489 1022 558; x_wconf 86' lang='lat' dir='ltr'><strong>amantibus</strong></span> <span class='ocrx_word' id='word_1_8' title='bbox 1039 493 1061 557; x_wconf 83' lang='lat'><strong>¹.</strong></span> <span class='ocrx_word' id='word_1_9' title='bbox 1098 489 1303 575; x_wconf 75' lang='lat' dir='ltr'><strong>Smttgarlis,</strong></span> 
     </span>
    </p>
   </div>
   <div class='ocr_carea' id='block_1_3' title="bbox 151 602 1269 782">
    <p class='ocr_par' dir='ltr' id='par_1_3' title="bbox 151 602 1269 782">
     <span class='ocr_line' id='line_1_3' title="bbox 151 602 1175 693; baseline -0.016 -19"><span class='ocrx_word' id='word_1_10' title='bbox 151 608 256 693; x_wconf 85' lang='lat' dir='ltr'><strong>pridie</strong></span> <span class='ocrx_word' id='word_1_11' title='bbox 281 605 328 673; x_wconf 88' lang='lat' dir='ltr'><strong>ld.</strong></span> <span class='ocrx_word' id='word_1_12' title='bbox 353 602 569 690; x_wconf 74' lang='lat' dir='ltr'>Septembris,</span> <span class='ocrx_word' id='word_1_13' title='bbox 593 624 677 668; x_wconf 86' lang='lat' dir='ltr'><strong>auno</strong></span> <span class='ocrx_word' id='word_1_14' title='bbox 704 606 797 666; x_wconf 82' lang='lat'>1519.</span> <span class='ocrx_word' id='word_1_15' title='bbox 1168 673 1175 680; x_wconf 34' lang='grc'><em>,</em></span> 
     </span>
     <span class='ocr_line' id='line_1_4' title="bbox 564 701 1269 782; baseline -0.01 -9"><span class='ocrx_word' id='word_1_16' title='bbox 564 707 638 773; x_wconf 77' lang='lat' dir='ltr'><strong>lot.</strong></span> <span class='ocrx_word' id='word_1_17' title='bbox 662 705 831 782; x_wconf 86' lang='lat' dir='ltr'><strong>Reuchlin,</strong></span> <span class='ocrx_word' id='word_1_18' title='bbox 855 702 1045 770; x_wconf 81' lang='lat' dir='ltr'><strong>Phorcensis</strong></span> <span class='ocrx_word' id='word_1_19' title='bbox 1067 702 1130 767; x_wconf 85' lang='lat' dir='ltr'><strong>LL</strong></span> <span class='ocrx_word' id='word_1_20' title='bbox 1153 701 1269 767; x_wconf 87' lang='lat' dir='ltr'><strong>doctor.</strong></span> 
     </span>
    </p>
   </div>
   <div class='ocr_carea' id='block_1_4' title="bbox 157 809 1303 1004">
    <p class='ocr_par' dir='ltr' id='par_1_4' title="bbox 157 809 1303 1004">
     <span class='ocr_line' id='line_1_5' title="bbox 241 809 1303 888; baseline -0.01 -5"><span class='ocrx_word' id='word_1_21' title='bbox 241 821 427 883; x_wconf 81' lang='lat' dir='ltr'><strong>llandsohrill</strong></span> <span class='ocrx_word' id='word_1_22' title='bbox 466 819 517 878; x_wconf 76' lang='lat' dir='ltr'><strong>(les</strong></span> <span class='ocrx_word' id='word_1_23' title='bbox 540 819 651 877; x_wconf 72' lang='lat' dir='ltr'><strong>Barnea</strong></span> <span class='ocrx_word' id='word_1_24' title='bbox 677 816 880 876; x_wconf 80' lang='lat' dir='ltr'><strong>staatsarehirs</strong></span> <span class='ocrx_word' id='word_1_25' title='bbox 902 813 1039 888; x_wconf 71' lang='lat' dir='ltr'><strong>Epistola</strong></span> <span class='ocrx_word' id='word_1_26' title='bbox 1061 813 1149 871; x_wconf 72' lang='lat' dir='ltr'><strong>varia</strong></span> <span class='ocrx_word' id='word_1_27' title='bbox 1169 810 1249 872; x_wconf 79' lang='lat' dir='ltr'><strong>xvn</strong></span> <span class='ocrx_word' id='word_1_28' title='bbox 1264 809 1303 872; x_wconf 84' lang='lat' dir='ltr'><strong>tol</strong></span> 
     </span>
     <span class='ocr_line' id='line_1_6' title="bbox 157 928 263 1004; baseline -0.047 -15"><span class='ocrx_word' id='word_1_29' title='bbox 157 933 195 990; x_wconf 69' lang='lat'><strong>47</strong></span> <span class='ocrx_word' id='word_1_30' title='bbox 225 928 263 1004; x_wconf 69' lang='lat' dir='ltr'><strong>lg.</strong></span> 
     </span>
    </p>
   </div>
   <div class='ocr_carea' id='block_1_5' title="bbox 223 1067 1279 1227">
    <p class='ocr_par' dir='ltr' id='par_1_5' title="bbox 223 1067 1279 1227">
     <span class='ocr_line' id='line_1_7' title="bbox 223 1067 1279 1227; baseline -0.012 -16"><span class='ocrx_word' id='word_1_31' title='bbox 223 1161 364 1227; x_wconf 60' lang='lat' dir='ltr'><strong>saum.</strong></span> <span class='ocrx_word' id='word_1_32' title='bbox 643 1067 840 1135; x_wconf 38' lang='lat' dir='ltr'>commu</span> <span class='ocrx_word' id='word_1_33' title='bbox 1067 1154 1097 1201; x_wconf 82' lang='lat'><strong>12</strong></span> <span class='ocrx_word' id='word_1_34' title='bbox 1117 1151 1189 1219; x_wconf 62' lang='lat' dir='ltr'><strong>sepa</strong></span> <span class='ocrx_word' id='word_1_35' title='bbox 1211 1151 1279 1199; x_wconf 79' lang='lat' dir='ltr'><strong>rna.</strong></span> 
     </span>
    </p>
   </div>
   <div class='ocr_carea' id='block_1_6' title="bbox 154 1254 1306 1364">
    <p class='ocr_par' dir='ltr' id='par_1_6' title="bbox 154 1254 1306 1364">
     <span class='ocr_line' id='line_1_8' title="bbox 154 1254 1306 1364; baseline -0.012 -23"><span class='ocrx_word' id='word_1_36' title='bbox 154 1263 317 1363; x_wconf 75' lang='lat' dir='ltr'><strong>Georgio</strong></span> <span class='ocrx_word' id='word_1_37' title='bbox 333 1263 529 1364; x_wconf 68' lang='lat' dir='ltr'><strong>spalatino</strong></span> <span class='ocrx_word' id='word_1_38' title='bbox 549 1262 798 1338; x_wconf 80' lang='lat' dir='ltr'><strong>literatissimo</strong></span> <span class='ocrx_word' id='word_1_39' title='bbox 818 1259 896 1333; x_wconf 82' lang='lat' dir='ltr'><strong>viro</strong></span> <span class='ocrx_word' id='word_1_40' title='bbox 915 1257 1035 1333; x_wconf 90' lang='lat' dir='ltr'><strong>amico</strong></span> <span class='ocrx_word' id='word_1_41' title='bbox 1051 1282 1118 1330; x_wconf 88' lang='lat' dir='ltr'><strong>suo</strong></span> <span class='ocrx_word' id='word_1_42' title='bbox 1134 1254 1306 1357; x_wconf 84' lang='lat' dir='ltr'><strong>praecipuo</strong></span> 
     </span>
    </p>
   </div>
   <div class='ocr_carea' id='block_1_7' title="bbox 575 1379 907 1488">
    <p class='ocr_par' dir='ltr' id='par_1_7' title="bbox 575 1379 907 1488">
     <span class='ocr_line' id='line_1_9' title="bbox 575 1379 907 1488; baseline -0.012 -28"><span class='ocrx_word' id='word_1_43' title='bbox 575 1385 677 1488; x_wconf 70' lang='lat' dir='ltr'><strong>[Joh.</strong></span> <span class='ocrx_word' id='word_1_44' title='bbox 698 1379 907 1484; x_wconf 70' lang='lat' dir='ltr'><strong>Reuohlinl.</strong></span> 
     </span>
    </p>
   </div>
   <div class='ocr_carea' id='block_1_8' title="bbox 152 1542 1314 3417">
    <p class='ocr_par' dir='ltr' id='par_1_8' title="bbox 152 1542 1314 3006">
     <span class='ocr_line' id='line_1_10' title="bbox 243 1542 1308 1637; baseline -0.009 -20"><span class='ocrx_word' id='word_1_45' title='bbox 243 1551 273 1616; x_wconf 81' lang='lat' dir='ltr'><strong>S.</strong></span> <span class='ocrx_word' id='word_1_46' title='bbox 297 1550 328 1616; x_wconf 83' lang='lat' dir='ltr'><strong>d.</strong></span> <span class='ocrx_word' id='word_1_47' title='bbox 352 1574 382 1637; x_wconf 83' lang='lat' dir='ltr'><strong>p.</strong></span> <span class='ocrx_word' id='word_1_48' title='bbox 429 1548 604 1630; x_wconf 80' lang='lat' dir='ltr'><strong>Obsidoor,</strong></span> <span class='ocrx_word' id='word_1_49' title='bbox 636 1547 818 1634; x_wconf 81' lang='lat' dir='ltr'><strong>Spalatine,</strong></span> <span class='ocrx_word' id='word_1_50' title='bbox 848 1567 911 1611; x_wconf 93' lang='lat' dir='ltr'><strong>non</strong></span> <span class='ocrx_word' id='word_1_51' title='bbox 939 1552 1067 1611; x_wconf 90' lang='lat' dir='ltr'><strong>tautum</strong></span> <span class='ocrx_word' id='word_1_52' title='bbox 1094 1543 1138 1609; x_wconf 85' lang='lat' dir='ltr'><strong>ab</strong></span> <span class='ocrx_word' id='word_1_53' title='bbox 1165 1542 1308 1621; x_wconf 56' lang='lat' dir='ltr'><strong>hostius,</strong></span> 
     </span>
     <span class='ocr_line' id='line_1_11' title="bbox 154 1648 1309 1741; baseline -0.007 -22"><span class='ocrx_word' id='word_1_54' title='bbox 154 1676 265 1723; x_wconf 80' lang='lat' dir='ltr'><strong>rernm</strong></span> <span class='ocrx_word' id='word_1_55' title='bbox 295 1655 393 1721; x_wconf 81' lang='lat' dir='ltr'><strong>etiam</strong></span> <span class='ocrx_word' id='word_1_56' title='bbox 425 1676 442 1719; x_wconf 89' lang='lat' dir='ltr'><strong>s</strong></span> <span class='ocrx_word' id='word_1_57' title='bbox 468 1656 591 1721; x_wconf 79' lang='lat' dir='ltr'><strong>civibus</strong></span> <span class='ocrx_word' id='word_1_58' title='bbox 622 1652 817 1741; x_wconf 89' lang='lat' dir='ltr'><strong>quibusdam</strong></span> <span class='ocrx_word' id='word_1_59' title='bbox 843 1653 961 1717; x_wconf 89' lang='lat' dir='ltr'><strong>nostris</strong></span> <span class='ocrx_word' id='word_1_60' title='bbox 984 1648 1102 1736; x_wconf 90' lang='lat' dir='ltr'><strong>quibus</strong></span> <span class='ocrx_word' id='word_1_61' title='bbox 1125 1649 1229 1714; x_wconf 92' lang='lat' dir='ltr'><strong>omnis</strong></span> <span class='ocrx_word' id='word_1_62' title='bbox 1250 1668 1309 1713; x_wconf 87' lang='lat' dir='ltr'><strong>con·</strong></span> 
     </span>
     <span class='ocr_line' id='line_1_12' title="bbox 155 1754 1309 1847; baseline -0.009 -19"><span class='ocrx_word' id='word_1_63' title='bbox 155 1782 246 1829; x_wconf 80' lang='lat' dir='ltr'><strong>cessa</strong></span> <span class='ocrx_word' id='word_1_64' title='bbox 277 1768 328 1827; x_wconf 87' lang='lat' dir='ltr'><strong>est</strong></span> <span class='ocrx_word' id='word_1_65' title='bbox 358 1760 500 1827; x_wconf 85' lang='lat' dir='ltr'><strong>lieentia.</strong></span> <span class='ocrx_word' id='word_1_66' title='bbox 546 1762 587 1827; x_wconf 81' lang='lat' dir='ltr'><strong>Et</strong></span> <span class='ocrx_word' id='word_1_67' title='bbox 618 1781 804 1847; x_wconf 82' lang='lat' dir='ltr'><strong>quanquam</strong></span> <span class='ocrx_word' id='word_1_68' title='bbox 835 1758 896 1824; x_wconf 91' lang='lat' dir='ltr'><strong>hoc</strong></span> <span class='ocrx_word' id='word_1_69' title='bbox 924 1754 1002 1822; x_wconf 89' lang='lat' dir='ltr'><strong>belli</strong></span> <span class='ocrx_word' id='word_1_70' title='bbox 1032 1766 1178 1840; x_wconf 91' lang='lat' dir='ltr'><strong>tempore</strong></span> <span class='ocrx_word' id='word_1_71' title='bbox 1209 1754 1309 1819; x_wconf 87' lang='lat' dir='ltr'><strong>unicus</strong></span> 
     </span>
     <span class='ocr_line' id='line_1_13' title="bbox 154 1859 1309 1949; baseline -0.008 -16"><span class='ocrx_word' id='word_1_72' title='bbox 154 1887 224 1933; x_wconf 85' lang='lat' dir='ltr'><strong>sum</strong></span> <span class='ocrx_word' id='word_1_73' title='bbox 249 1865 355 1933; x_wconf 91' lang='lat' dir='ltr'><strong>locum</strong></span> <span class='ocrx_word' id='word_1_74' title='bbox 379 1868 504 1932; x_wconf 59' lang='lat' dir='ltr'><strong>maenti</strong></span> <span class='ocrx_word' id='word_1_75' title='bbox 527 1868 654 1932; x_wconf 84' lang='lat' dir='ltr'><strong>rinctus</strong></span> <span class='ocrx_word' id='word_1_76' title='bbox 677 1864 859 1931; x_wconf 86' lang='lat' dir='ltr'><strong>consularis</strong></span> <span class='ocrx_word' id='word_1_77' title='bbox 883 1862 1035 1949; x_wconf 85' lang='lat' dir='ltr'><strong>quoniam</strong></span> <span class='ocrx_word' id='word_1_78' title='bbox 1052 1861 1108 1926; x_wconf 89' lang='lat' dir='ltr'><strong>alii</strong></span> <span class='ocrx_word' id='word_1_79' title='bbox 1127 1882 1191 1926; x_wconf 94' lang='lat' dir='ltr'><strong>non</strong></span> <span class='ocrx_word' id='word_1_80' title='bbox 1216 1859 1309 1937; x_wconf 83' lang='lat' dir='ltr'><strong>sunt²,</strong></span> 
     </span>
     <span class='ocr_line' id='line_1_14' title="bbox 155 1964 1311 2057; baseline -0.007 -20"><span class='ocrx_word' id='word_1_81' title='bbox 155 1978 265 2037; x_wconf 88' lang='lat' dir='ltr'><strong>tamen</strong></span> <span class='ocrx_word' id='word_1_82' title='bbox 294 1991 370 2055; x_wconf 75' lang='lat' dir='ltr'><strong>ergo</strong></span> <span class='ocrx_word' id='word_1_83' title='bbox 396 1970 409 2010; x_wconf 84' lang='lat'>⁸</span> <span class='ocrx_word' id='word_1_84' title='bbox 437 1992 489 2037; x_wconf 85' lang='lat' dir='ltr'><strong>me</strong></span> <span class='ocrx_word' id='word_1_85' title='bbox 519 1979 649 2057; x_wconf 84' lang='lat' dir='ltr'><strong>oportet</strong></span> <span class='ocrx_word' id='word_1_86' title='bbox 678 1971 891 2036; x_wconf 79' lang='lat' dir='ltr'><strong>oculatiorem</strong></span> <span class='ocrx_word' id='word_1_87' title='bbox 923 1989 992 2034; x_wconf 88' lang='lat' dir='ltr'><strong>esse</strong></span> <span class='ocrx_word' id='word_1_88' title='bbox 1015 1987 1053 2032; x_wconf 84' lang='lat' dir='ltr'><strong>sc</strong></span> <span class='ocrx_word' id='word_1_89' title='bbox 1076 1965 1246 2037; x_wconf 72' lang='lat' dir='ltr'><strong>lenissimis</strong></span> <span class='ocrx_word' id='word_1_90' title='bbox 1265 1964 1311 2029; x_wconf 82' lang='lat' dir='ltr'><strong>hc</strong></span> 
     </span>
     <span class='ocr_line' id='line_1_15' title="bbox 155 2072 1312 2162; baseline -0.006 -21"><span class='ocrx_word' id='word_1_91' title='bbox 155 2075 297 2142; x_wconf 86' lang='lat' dir='ltr'><strong>minibus</strong></span> <span class='ocrx_word' id='word_1_92' title='bbox 328 2076 508 2141; x_wconf 76' lang='lat' dir='ltr'><strong>connivere.</strong></span> <span class='ocrx_word' id='word_1_93' title='bbox 555 2076 667 2162; x_wconf 83' lang='lat' dir='ltr'><strong>Nuper</strong></span> <span class='ocrx_word' id='word_1_94' title='bbox 699 2077 780 2161; x_wconf 80' lang='lat' dir='ltr'><strong>elegi</strong></span> <span class='ocrx_word' id='word_1_95' title='bbox 812 2097 851 2141; x_wconf 84' lang='lat' dir='ltr'><strong>ex</strong></span> <span class='ocrx_word' id='word_1_96' title='bbox 882 2073 1000 2140; x_wconf 78' lang='lat' dir='ltr'>libellis</span> <span class='ocrx_word' id='word_1_97' title='bbox 1030 2074 1110 2138; x_wconf 90' lang='lat' dir='ltr'><strong>meis</strong></span> <span class='ocrx_word' id='word_1_98' title='bbox 1141 2072 1312 2137; x_wconf 83' lang='lat' dir='ltr'><strong>rarissimos</strong></span> 
     </span>
     <span class='ocr_line' id='line_1_16' title="bbox 155 2177 1312 2269; baseline -0.004 -22"><span class='ocrx_word' id='word_1_99' title='bbox 155 2201 237 2269; x_wconf 87' lang='lat' dir='ltr'><strong>qnos</strong></span> <span class='ocrx_word' id='word_1_100' title='bbox 259 2180 302 2247; x_wconf 88' lang='lat' dir='ltr'><strong>sd</strong></span> <span class='ocrx_word' id='word_1_101' title='bbox 327 2201 472 2247; x_wconf 89' lang='lat' dir='ltr'><strong>sororem</strong></span> <span class='ocrx_word' id='word_1_102' title='bbox 494 2183 507 2220; x_wconf 84' lang='lat'><strong>⁴</strong></span> <span class='ocrx_word' id='word_1_103' title='bbox 531 2181 644 2247; x_wconf 72' lang='lat' dir='ltr'><strong>devehi</strong></span> <span class='ocrx_word' id='word_1_104' title='bbox 669 2183 841 2248; x_wconf 74' lang='lat' dir='ltr'><strong>voluissem</strong></span> <span class='ocrx_word' id='word_1_105' title='bbox 865 2202 985 2266; x_wconf 78' lang='lat' dir='ltr'><strong>graecos</strong></span> <span class='ocrx_word' id='word_1_106' title='bbox 1009 2186 1041 2245; x_wconf 87' lang='lat' dir='ltr'><strong>et</strong></span> <span class='ocrx_word' id='word_1_107' title='bbox 1064 2177 1221 2255; x_wconf 76' lang='lat' dir='ltr'><strong>hebreos,</strong></span> <span class='ocrx_word' id='word_1_108' title='bbox 1243 2197 1312 2261; x_wconf 85' lang='lat' dir='ltr'><strong>qnos</strong></span> 
     </span>
     <span class='ocr_line' id='line_1_17' title="bbox 152 2283 1312 2371; baseline -0.005 -18"><span class='ocrx_word' id='word_1_109' title='bbox 152 2288 318 2354; x_wconf 84' lang='lat' dir='ltr'><strong>transmisi</strong></span> <span class='ocrx_word' id='word_1_110' title='bbox 356 2288 534 2355; x_wconf 70' lang='lat' dir='ltr'><strong>autoritate</strong></span> <span class='ocrx_word' id='word_1_111' title='bbox 575 2288 823 2354; x_wconf 87' lang='lat' dir='ltr'><strong>locumtenentis</strong></span> <span class='ocrx_word' id='word_1_112' title='bbox 861 2287 1053 2371; x_wconf 86' lang='lat' dir='ltr'><strong>interposita</strong></span> <span class='ocrx_word' id='word_1_113' title='bbox 1090 2306 1163 2351; x_wconf 90' lang='lat' dir='ltr'><strong>cum</strong></span> <span class='ocrx_word' id='word_1_114' title='bbox 1207 2283 1312 2349; x_wconf 85' lang='lat' dir='ltr'><strong>securi·</strong></span> 
     </span>
     <span class='ocr_line' id='line_1_18' title="bbox 153 2389 1313 2479; baseline -0.004 -22"><span class='ocrx_word' id='word_1_115' title='bbox 153 2398 221 2458; x_wconf 90' lang='lat' dir='ltr'><strong>tato</strong></span> <span class='ocrx_word' id='word_1_116' title='bbox 246 2391 388 2477; x_wconf 81' lang='lat' dir='ltr'><strong>sigillata</strong></span> <span class='ocrx_word' id='word_1_117' title='bbox 416 2391 508 2460; x_wconf 86' lang='lat' dir='ltr'><strong>ducis</strong></span> <span class='ocrx_word' id='word_1_118' title='bbox 538 2396 641 2460; x_wconf 86' lang='lat' dir='ltr'><strong>nostri</strong></span> <span class='ocrx_word' id='word_1_119' title='bbox 666 2402 698 2459; x_wconf 86' lang='lat' dir='ltr'><strong>et</strong></span> <span class='ocrx_word' id='word_1_120' title='bbox 723 2393 960 2479; x_wconf 75' lang='lat' dir='ltr'><strong>subscriptione</strong></span> <span class='ocrx_word' id='word_1_121' title='bbox 983 2390 1137 2477; x_wconf 74' lang='lat' dir='ltr'><strong>prefecti.</strong></span> <span class='ocrx_word' id='word_1_122' title='bbox 1185 2389 1248 2455; x_wconf 87' lang='lat' dir='ltr'><strong>Sed</strong></span> <span class='ocrx_word' id='word_1_123' title='bbox 1269 2409 1313 2452; x_wconf 81' lang='lat' dir='ltr'><strong>ne</strong></span> 
     </span>
     <span class='ocr_line' id='line_1_19' title="bbox 152 2494 1313 2583; baseline -0.003 -22"><span class='ocrx_word' id='word_1_124' title='bbox 152 2496 290 2564; x_wconf 89' lang='lat' dir='ltr'><strong>bulones</strong></span> <span class='ocrx_word' id='word_1_125' title='bbox 321 2499 476 2575; x_wconf 83' lang='lat' dir='ltr'><strong>civitatis,</strong></span> <span class='ocrx_word' id='word_1_126' title='bbox 512 2499 658 2565; x_wconf 79' lang='lat' dir='ltr'><strong>homiues</strong></span> <span class='ocrx_word' id='word_1_127' title='bbox 691 2499 828 2566; x_wconf 91' lang='lat' dir='ltr'><strong>banausi</strong></span> <span class='ocrx_word' id='word_1_128' title='bbox 861 2497 1051 2583; x_wconf 83' lang='lat' dir='ltr'><strong>quadrigam</strong></span> <span class='ocrx_word' id='word_1_129' title='bbox 1081 2494 1219 2562; x_wconf 87' lang='lat' dir='ltr'><strong>eandem</strong></span> <span class='ocrx_word' id='word_1_130' title='bbox 1251 2516 1313 2559; x_wconf 92' lang='lat' dir='ltr'><strong>cum</strong></span> 
     </span>
     <span class='ocr_line' id='line_1_20' title="bbox 154 2601 1312 2689; baseline -0.003 -20"><span class='ocrx_word' id='word_1_131' title='bbox 154 2601 246 2670; x_wconf 83' lang='lat' dir='ltr'><strong>libris</strong></span> <span class='ocrx_word' id='word_1_132' title='bbox 269 2602 470 2671; x_wconf 86' lang='lat' dir='ltr'><strong>reduxerunt</strong></span> <span class='ocrx_word' id='word_1_133' title='bbox 493 2626 565 2671; x_wconf 91' lang='lat' dir='ltr'><strong>cum</strong></span> <span class='ocrx_word' id='word_1_134' title='bbox 589 2626 706 2689; x_wconf 86' lang='lat' dir='ltr'><strong>magno</strong></span> <span class='ocrx_word' id='word_1_135' title='bbox 730 2605 885 2684; x_wconf 81' lang='lat' dir='ltr'><strong>tumultu,</strong></span> <span class='ocrx_word' id='word_1_136' title='bbox 913 2612 950 2670; x_wconf 90' lang='lat' dir='ltr'><strong>ut</strong></span> <span class='ocrx_word' id='word_1_137' title='bbox 971 2624 1030 2668; x_wconf 89' lang='lat' dir='ltr'><strong>nee</strong></span> <span class='ocrx_word' id='word_1_138' title='bbox 1054 2602 1222 2687; x_wconf 83' lang='lat' dir='ltr'><strong>majoritas</strong></span> <span class='ocrx_word' id='word_1_139' title='bbox 1244 2621 1312 2666; x_wconf 87' lang='lat' dir='ltr'><strong>ausa</strong></span> 
     </span>
     <span class='ocr_line' id='line_1_21' title="bbox 154 2707 1314 2796; baseline -0.005 -22"><span class='ocrx_word' id='word_1_140' title='bbox 154 2707 291 2774; x_wconf 78' lang='lat' dir='ltr'><strong>lnerst⁵</strong></span> <span class='ocrx_word' id='word_1_141' title='bbox 314 2709 476 2777; x_wconf 83' lang='lat' dir='ltr'><strong>resistere.</strong></span> <span class='ocrx_word' id='word_1_142' title='bbox 524 2711 627 2795; x_wconf 85' lang='lat' dir='ltr'><strong>lgitur</strong></span> <span class='ocrx_word' id='word_1_143' title='bbox 656 2710 881 2796; x_wconf 81' lang='lat' dir='ltr'><strong>expectandus</strong></span> <span class='ocrx_word' id='word_1_144' title='bbox 913 2717 962 2774; x_wconf 89' lang='lat' dir='ltr'><strong>est</strong></span> <span class='ocrx_word' id='word_1_145' title='bbox 985 2709 1163 2774; x_wconf 83' lang='lat' dir='ltr'><strong>Mavortius</strong></span> <span class='ocrx_word' id='word_1_146' title='bbox 1186 2708 1265 2792; x_wconf 81' lang='lat' dir='ltr'><strong>ignis</strong></span> <span class='ocrx_word' id='word_1_147' title='bbox 1286 2712 1314 2770; x_wconf 90' lang='lat' dir='ltr'><strong>et</strong></span> 
     </span>
     <span class='ocr_line' id='line_1_22' title="bbox 153 2812 1312 2901; baseline -0.003 -22"><span class='ocrx_word' id='word_1_148' title='bbox 153 2813 443 2881; x_wconf 83' lang='lat' dir='ltr'><strong>commiserandum</strong></span> <span class='ocrx_word' id='word_1_149' title='bbox 469 2823 520 2882; x_wconf 89' lang='lat' dir='ltr'><strong>tot</strong></span> <span class='ocrx_word' id='word_1_150' title='bbox 543 2817 626 2882; x_wconf 87' lang='lat' dir='ltr'><strong>raris</strong></span> <span class='ocrx_word' id='word_1_151' title='bbox 650 2824 684 2882; x_wconf 92' lang='lat' dir='ltr'><strong>et</strong></span> <span class='ocrx_word' id='word_1_152' title='bbox 706 2818 824 2901; x_wconf 79' lang='lat' dir='ltr'><strong>ignotis</strong></span> <span class='ocrx_word' id='word_1_153' title='bbox 847 2815 939 2881; x_wconf 90' lang='lat' dir='ltr'><strong>libris</strong></span> <span class='ocrx_word' id='word_1_154' title='bbox 963 2813 1081 2900; x_wconf 89' lang='lat' dir='ltr'><strong>quibus</strong></span> <span class='ocrx_word' id='word_1_155' title='bbox 1103 2812 1255 2879; x_wconf 89' lang='lat' dir='ltr'><strong>bellicum</strong></span> <span class='ocrx_word' id='word_1_156' title='bbox 1275 2812 1312 2875; x_wconf 92' lang='lat' dir='ltr'><strong>iu·</strong></span> 
     </span>
     <span class='ocr_line' id='line_1_23' title="bbox 154 2918 1313 3006; baseline -0.002 -23"><span class='ocrx_word' id='word_1_157' title='bbox 154 2918 301 2985; x_wconf 79' lang='lat' dir='ltr'><strong>caudium</strong></span> <span class='ocrx_word' id='word_1_158' title='bbox 326 2919 471 2986; x_wconf 83' lang='lat' dir='ltr'><strong>imminet</strong></span> <span class='ocrx_word' id='word_1_159' title='bbox 492 2922 514 2983; x_wconf 79' lang='lat'><strong>⁶.</strong></span> <span class='ocrx_word' id='word_1_160' title='bbox 554 2922 625 2988; x_wconf 82' lang='lat' dir='ltr'><strong>Non</strong></span> <span class='ocrx_word' id='word_1_161' title='bbox 651 2922 728 2988; x_wconf 88' lang='lat' dir='ltr'><strong>mihi</strong></span> <span class='ocrx_word' id='word_1_162' title='bbox 752 2925 837 2989; x_wconf 90' lang='lat' dir='ltr'><strong>tanti</strong></span> <span class='ocrx_word' id='word_1_163' title='bbox 860 2922 958 2989; x_wconf 83' lang='lat' dir='ltr'><strong>suerit</strong></span> <span class='ocrx_word' id='word_1_164' title='bbox 981 2927 1154 3006; x_wconf 84' lang='lat' dir='ltr'><strong>expectare</strong></span> <span class='ocrx_word' id='word_1_165' title='bbox 1177 2926 1313 2986; x_wconf 88' lang='lat' dir='ltr'><strong>mortem.</strong></span> 
     </span>
    </p>

    <p class='ocr_par' dir='ltr' id='par_1_9' title="bbox 154 3022 1313 3327">
     <span class='ocr_line' id='line_1_24' title="bbox 244 3022 1312 3111; baseline -0.004 -20"><span class='ocrx_word' id='word_1_166' title='bbox 244 3022 355 3091; x_wconf 85' lang='lat' dir='ltr'><strong>Scribo</strong></span> <span class='ocrx_word' id='word_1_167' title='bbox 383 3025 483 3111; x_wconf 78' lang='lat' dir='ltr'><strong>igitur</strong></span> <span class='ocrx_word' id='word_1_168' title='bbox 511 3028 731 3095; x_wconf 87' lang='lat' dir='ltr'><strong>illustrissimo</strong></span> <span class='ocrx_word' id='word_1_169' title='bbox 764 3028 893 3096; x_wconf 92' lang='lat' dir='ltr'><strong>domino</strong></span> <span class='ocrx_word' id='word_1_170' title='bbox 921 3035 1031 3094; x_wconf 87' lang='lat' dir='ltr'><strong>nostro</strong></span> <span class='ocrx_word' id='word_1_171' title='bbox 1056 3026 1220 3094; x_wconf 84' lang='lat' dir='ltr'><strong>Saxonum</strong></span> <span class='ocrx_word' id='word_1_172' title='bbox 1249 3023 1312 3090; x_wconf 91' lang='lat' dir='ltr'><strong>duci</strong></span> 
     </span>
     <span class='ocr_line' id='line_1_25' title="bbox 154 3128 1313 3218; baseline 0.001 -23"><span class='ocrx_word' id='word_1_173' title='bbox 154 3128 319 3197; x_wconf 82' lang='lat' dir='ltr'><strong>Friderico</strong></span> <span class='ocrx_word' id='word_1_174' title='bbox 341 3132 519 3200; x_wconf 82' lang='lat' dir='ltr'><strong>autoritate</strong></span> <span class='ocrx_word' id='word_1_175' title='bbox 544 3156 616 3201; x_wconf 87' lang='lat' dir='ltr'><strong>mea</strong></span> <span class='ocrx_word' id='word_1_176' title='bbox 633 3136 654 3215; x_wconf 55' lang='grc' dir='ltr'><strong>ἵ,</strong></span> <span class='ocrx_word' id='word_1_177' title='bbox 679 3143 715 3201; x_wconf 91' lang='lat' dir='ltr'><strong>ut</strong></span> <span class='ocrx_word' id='word_1_178' title='bbox 739 3137 936 3202; x_wconf 86' lang='lat' dir='ltr'><strong>misereatur</strong></span> <span class='ocrx_word' id='word_1_179' title='bbox 955 3132 1095 3218; x_wconf 88' lang='lat' dir='ltr'><strong>junioris</strong></span> <span class='ocrx_word' id='word_1_180' title='bbox 1119 3132 1211 3197; x_wconf 88' lang='lat' dir='ltr'><strong>ducis</strong></span> <span class='ocrx_word' id='word_1_181' title='bbox 1234 3130 1313 3197; x_wconf 89' lang='lat' dir='ltr'><strong>Chri·</strong></span> 
     </span>
     <span class='ocr_line' id='line_1_26' title="bbox 154 3234 1312 3327; baseline -0.002 -26"><span class='ocrx_word' id='word_1_182' title='bbox 154 3234 300 3322; x_wconf 85' lang='lat' dir='ltr'><strong>stophori</strong></span> <span class='ocrx_word' id='word_1_183' title='bbox 328 3239 456 3322; x_wconf 78' lang='lat' dir='ltr'><strong>cognati</strong></span> <span class='ocrx_word' id='word_1_184' title='bbox 484 3240 552 3319; x_wconf 89' lang='lat' dir='ltr'><strong>sui,</strong></span> <span class='ocrx_word' id='word_1_185' title='bbox 585 3242 779 3308; x_wconf 81' lang='lat' dir='ltr'><strong>misereatur</strong></span> <span class='ocrx_word' id='word_1_186' title='bbox 807 3240 917 3327; x_wconf 85' lang='lat' dir='ltr'><strong>populi</strong></span> <span class='ocrx_word' id='word_1_187' title='bbox 942 3236 1237 3322; x_wconf 80' lang='lat' dir='ltr'><strong>Wirtsnbsrgonsis</strong></span> <span class='ocrx_word' id='word_1_188' title='bbox 1266 3235 1312 3321; x_wconf 92' lang='lat' dir='ltr'><strong>qui</strong></span> 
     </span>
    </p>

    <p class='ocr_par' dir='ltr' id='par_1_10' title="bbox 730 3380 746 3417">
     <span class='ocr_line' id='line_1_27' title="bbox 730 3380 746 3417; baseline 0 0"><span class='ocrx_word' id='word_1_189' title='bbox 730 3380 746 3417; x_wconf 61' lang='lat' dir='ltr'><strong>t</strong></span> 
     </span>
    </p>
   </div>
   <div class='ocr_carea' id='block_1_9' title="bbox 152 3452 1316 4479">
    <p class='ocr_par' dir='ltr' id='par_1_11' title="bbox 153 3452 1316 3616">
     <span class='ocr_line' id='line_1_28' title="bbox 153 3452 1316 3528; baseline 0.003 -25"><span class='ocrx_word' id='word_1_190' title='bbox 153 3452 304 3525; x_wconf 66' lang='lat' dir='ltr'><strong>abgeuslsst,</strong></span> <span class='ocrx_word' id='word_1_191' title='bbox 330 3456 374 3509; x_wconf 81' lang='lat' dir='ltr'><strong>dor</strong></span> <span class='ocrx_word' id='word_1_192' title='bbox 398 3475 425 3510; x_wconf 84' lang='lat' dir='ltr'><strong>er</strong></span> <span class='ocrx_word' id='word_1_193' title='bbox 448 3464 536 3525; x_wconf 65' lang='lat' dir='ltr'><strong>spiter</strong></span> <span class='ocrx_word' id='word_1_194' title='bbox 563 3460 681 3512; x_wconf 82' lang='lat' dir='ltr'><strong>aiemlieh</strong></span> <span class='ocrx_word' id='word_1_195' title='bbox 701 3461 802 3512; x_wconf 83' lang='lat' dir='ltr'><strong>sehroll&#39;</strong></span> <span class='ocrx_word' id='word_1_196' title='bbox 817 3466 1006 3528; x_wconf 78' lang='lat' dir='ltr'><strong>cntgsgentrat.</strong></span> <span class='ocrx_word' id='word_1_197' title='bbox 1044 3459 1104 3526; x_wconf 79' lang='lat' dir='ltr'>Vgl.</span> <span class='ocrx_word' id='word_1_198' title='bbox 1124 3460 1240 3511; x_wconf 85' lang='lat' dir='ltr'><strong>lluttsus</strong></span> <span class='ocrx_word' id='word_1_199' title='bbox 1258 3458 1316 3510; x_wconf 86' lang='lat' dir='ltr'><strong>briel</strong></span> 
     </span>
     <span class='ocr_line' id='line_1_29' title="bbox 155 3540 1313 3616; baseline 0.004 -25"><span class='ocrx_word' id='word_1_200' title='bbox 155 3540 221 3593; x_wconf 84' lang='lat' dir='ltr'><strong>oben</strong></span> <span class='ocrx_word' id='word_1_201' title='bbox 244 3558 300 3595; x_wconf 82' lang='lat' dir='ltr'><strong>nro.</strong></span> <span class='ocrx_word' id='word_1_202' title='bbox 314 3543 449 3597; x_wconf 86' lang='lat' dir='ltr'><strong>ccxc1x.</strong></span> <span class='ocrx_word' id='word_1_203' title='bbox 480 3546 683 3600; x_wconf 67' lang='lat' dir='ltr'><strong>normannum</strong></span> <span class='ocrx_word' id='word_1_204' title='bbox 700 3549 734 3600; x_wconf 88' lang='lat' dir='ltr'><strong>ist</strong></span> <span class='ocrx_word' id='word_1_205' title='bbox 747 3548 830 3600; x_wconf 79' lang='lat' dir='ltr'><strong>dieser</strong></span> <span class='ocrx_word' id='word_1_206' title='bbox 847 3545 916 3616; x_wconf 76' lang='lat' dir='ltr'><strong>grnll</strong></span> <span class='ocrx_word' id='word_1_207' title='bbox 929 3547 1068 3599; x_wconf 83' lang='lat' dir='ltr'><strong>besonders</strong></span> <span class='ocrx_word' id='word_1_208' title='bbox 1079 3547 1313 3599; x_wconf 77' lang='lat' dir='ltr'><strong>bemerlsenswerth.</strong></span> 
     </span>
    </p>

    <p class='ocr_par' dir='ltr' id='par_1_12' title="bbox 152 3630 1316 4479">
     <span class='ocr_line' id='line_1_30' title="bbox 230 3630 1314 3704; baseline 0.002 -24"><span class='ocrx_word' id='word_1_209' title='bbox 230 3635 238 3680; x_wconf 89' lang='lat' dir='ltr'>l</span> <span class='ocrx_word' id='word_1_210' title='bbox 263 3630 387 3684; x_wconf 83' lang='lat' dir='ltr'><strong>Bedeatct</strong></span> <span class='ocrx_word' id='word_1_211' title='bbox 413 3634 558 3685; x_wconf 81' lang='lat' dir='ltr'><strong>nattlrlicln:</strong></span> <span class='ocrx_word' id='word_1_212' title='bbox 587 3633 670 3704; x_wconf 79' lang='lat' dir='ltr'><strong>grtllls</strong></span> <span class='ocrx_word' id='word_1_213' title='bbox 701 3633 841 3688; x_wconf 71' lang='lat' dir='ltr'><strong>sudandam</strong></span> <span class='ocrx_word' id='word_1_214' title='bbox 864 3636 948 3688; x_wconf 84' lang='lat' dir='ltr'><strong>meino</strong></span> <span class='ocrx_word' id='word_1_215' title='bbox 972 3635 1092 3702; x_wconf 78' lang='lat' dir='ltr'><strong>dortigcn</strong></span> <span class='ocrx_word' id='word_1_216' title='bbox 1120 3636 1242 3695; x_wconf 75' lang='lat' dir='ltr'><strong>iucunde.</strong></span> <span class='ocrx_word' id='word_1_217' title='bbox 1268 3633 1314 3686; x_wconf 87' lang='lat' dir='ltr'><strong>und</strong></span> 
     </span>
     <span class='ocr_line' id='line_1_31' title="bbox 153 3718 1313 3790; baseline 0.003 -22"><span class='ocrx_word' id='word_1_218' title='bbox 153 3718 239 3770; x_wconf 80' lang='lat' dir='ltr'><strong>nieht:</strong></span> <span class='ocrx_word' id='word_1_219' title='bbox 272 3719 356 3772; x_wconf 81' lang='lat' dir='ltr'><strong>melae</strong></span> <span class='ocrx_word' id='word_1_220' title='bbox 381 3721 498 3789; x_wconf 73' lang='lat' dir='ltr'><strong>hiesigen</strong></span> <span class='ocrx_word' id='word_1_221' title='bbox 527 3723 635 3774; x_wconf 74' lang='lat' dir='ltr'><strong>tranando</strong></span> <span class='ocrx_word' id='word_1_222' title='bbox 663 3723 748 3775; x_wconf 81' lang='lat' dir='ltr'><strong>lassun</strong></span> <span class='ocrx_word' id='word_1_223' title='bbox 777 3723 877 3775; x_wconf 86' lang='lat' dir='ltr'><strong>Luthar</strong></span> <span class='ocrx_word' id='word_1_224' title='bbox 910 3720 1019 3790; x_wconf 74' lang='lat' dir='ltr'><strong>graleu</strong></span> <span class='ocrx_word' id='word_1_225' title='bbox 1095 3729 1109 3773; x_wconf 77' lang='lat'>2</span> <span class='ocrx_word' id='word_1_226' title='bbox 1136 3724 1186 3774; x_wconf 87' lang='lat' dir='ltr'><strong>Die</strong></span> <span class='ocrx_word' id='word_1_227' title='bbox 1210 3724 1313 3775; x_wconf 85' lang='lat' dir='ltr'><strong>audsrsn</strong></span> 
     </span>
     <span class='ocr_line' id='line_1_32' title="bbox 152 3807 1314 3879; baseline 0.004 -22"><span class='ocrx_word' id='word_1_228' title='bbox 152 3820 239 3858; x_wconf 66' lang='lat' dir='ltr'><strong>natea</strong></span> <span class='ocrx_word' id='word_1_229' title='bbox 264 3807 481 3862; x_wconf 72' lang='lat' dir='ltr'><strong>walrrsclrsinlich</strong></span> <span class='ocrx_word' id='word_1_230' title='bbox 505 3811 632 3876; x_wconf 75' lang='lat' dir='ltr'><strong>gellohsn.</strong></span> <span class='ocrx_word' id='word_1_231' title='bbox 672 3812 734 3863; x_wconf 86' lang='lat' dir='ltr'><strong>Mau</strong></span> <span class='ocrx_word' id='word_1_232' title='bbox 762 3811 815 3879; x_wconf 81' lang='lat' dir='ltr'>vgl.</span> <span class='ocrx_word' id='word_1_233' title='bbox 838 3811 879 3862; x_wconf 86' lang='lat' dir='ltr'><strong>dio</strong></span> <span class='ocrx_word' id='word_1_234' title='bbox 902 3810 1029 3862; x_wconf 84' lang='lat' dir='ltr'><strong>Reuehliu</strong></span> <span class='ocrx_word' id='word_1_235' title='bbox 1048 3828 1069 3861; x_wconf 87' lang='lat' dir='ltr'><strong>s.</strong></span> <span class='ocrx_word' id='word_1_236' title='bbox 1090 3813 1141 3861; x_wconf 75' lang='lat'><strong>460</strong></span> <span class='ocrx_word' id='word_1_237' title='bbox 1160 3828 1184 3862; x_wconf 83' lang='lat' dir='ltr'><strong>s.</strong></span> <span class='ocrx_word' id='word_1_238' title='bbox 1206 3817 1220 3862; x_wconf 74' lang='lat'>2</span> <span class='ocrx_word' id='word_1_239' title='bbox 1244 3828 1314 3878; x_wconf 81' lang='lat' dir='ltr'><strong>auge·</strong></span> 
     </span>
     <span class='ocr_line' id='line_1_33' title="bbox 152 3891 1315 3967; baseline 0.003 -24"><span class='ocrx_word' id='word_1_240' title='bbox 152 3891 258 3946; x_wconf 62' lang='lat' dir='ltr'><strong>talares</strong></span> <span class='ocrx_word' id='word_1_241' title='bbox 277 3895 378 3948; x_wconf 83' lang='lat' dir='ltr'><strong>stollcn.</strong></span> <span class='ocrx_word' id='word_1_242' title='bbox 451 3895 526 3949; x_wconf 69' lang='grc' dir='ltr'><strong>ΒΔΕ</strong></span> <span class='ocrx_word' id='word_1_243' title='bbox 547 3898 619 3966; x_wconf 70' lang='lat' dir='ltr'><strong>drgo.</strong></span> <span class='ocrx_word' id='word_1_244' title='bbox 659 3901 714 3950; x_wconf 78' lang='lat' dir='ltr'><strong>Ans</strong></span> <span class='ocrx_word' id='word_1_245' title='bbox 734 3900 817 3952; x_wconf 80' lang='lat' dir='ltr'><strong>sinam</strong></span> <span class='ocrx_word' id='word_1_246' title='bbox 837 3898 1055 3967; x_wconf 80' lang='lat' dir='ltr'><strong>ursprllngliclren</strong></span> <span class='ocrx_word' id='word_1_247' title='bbox 1074 3899 1091 3949; x_wconf 91' lang='lat' dir='ltr'><strong>d</strong></span> <span class='ocrx_word' id='word_1_248' title='bbox 1109 3900 1213 3951; x_wconf 83' lang='lat' dir='ltr'><strong>scheint</strong></span> <span class='ocrx_word' id='word_1_249' title='bbox 1232 3900 1258 3949; x_wconf 93' lang='lat' dir='ltr'><strong>in</strong></span> <span class='ocrx_word' id='word_1_250' title='bbox 1276 3899 1315 3949; x_wconf 89' lang='lat' dir='ltr'><strong>der</strong></span> 
     </span>
     <span class='ocr_line' id='line_1_34' title="bbox 152 3978 1314 4054; baseline 0.004 -21"><span class='ocrx_word' id='word_1_251' title='bbox 152 3978 318 4035; x_wconf 67' lang='lat' dir='ltr'><strong>muliebria</strong></span> <span class='ocrx_word' id='word_1_252' title='bbox 336 3984 378 4035; x_wconf 83' lang='lat' dir='ltr'><strong>cin</strong></span> <span class='ocrx_word' id='word_1_253' title='bbox 397 4003 411 4036; x_wconf 84' lang='lat' dir='ltr'><strong>s</strong></span> <span class='ocrx_word' id='word_1_254' title='bbox 429 3987 552 4052; x_wconf 78' lang='lat' dir='ltr'><strong>gemacht</strong></span> <span class='ocrx_word' id='word_1_255' title='bbox 571 3988 674 4039; x_wconf 79' lang='lat' dir='ltr'><strong>worden</strong></span> <span class='ocrx_word' id='word_1_256' title='bbox 700 4005 731 4039; x_wconf 86' lang='lat' dir='ltr'><strong>zu</strong></span> <span class='ocrx_word' id='word_1_257' title='bbox 758 3990 823 4041; x_wconf 83' lang='lat' dir='ltr'><strong>sein.</strong></span> <span class='ocrx_word' id='word_1_258' title='bbox 896 3988 962 4038; x_wconf 71' lang='lat' dir='ltr'><strong>lln</strong></span> <span class='ocrx_word' id='word_1_259' title='bbox 982 3987 1142 4050; x_wconf 81' lang='lat' dir='ltr'><strong>Ploraheim,</strong></span> <span class='ocrx_word' id='word_1_260' title='bbox 1169 3987 1211 4038; x_wconf 88' lang='lat' dir='ltr'><strong>dis</strong></span> <span class='ocrx_word' id='word_1_261' title='bbox 1235 4003 1314 4054; x_wconf 78' lang='lat' dir='ltr'><strong>gross-</strong></span> 
     </span>
     <span class='ocr_line' id='line_1_35' title="bbox 153 4069 1314 4144; baseline 0.003 -26"><span class='ocrx_word' id='word_1_262' title='bbox 153 4073 249 4122; x_wconf 80' lang='lat' dir='ltr'><strong>mnttsr</strong></span> <span class='ocrx_word' id='word_1_263' title='bbox 272 4069 481 4124; x_wconf 82' lang='lat' dir='ltr'><strong>Melanchthons.</strong></span> <span class='ocrx_word' id='word_1_264' title='bbox 525 4073 578 4125; x_wconf 71' lang='lat' dir='ltr'><strong>ear</strong></span> <span class='ocrx_word' id='word_1_265' title='bbox 607 4074 693 4128; x_wconf 83' lang='lat' dir='ltr'><strong>diesen</strong></span> <span class='ocrx_word' id='word_1_266' title='bbox 720 4076 954 4144; x_wconf 82' lang='lat' dir='ltr'><strong>bdchortransport</strong></span> <span class='ocrx_word' id='word_1_267' title='bbox 978 4075 1029 4143; x_wconf 80' lang='lat' dir='ltr'><strong>rgl</strong></span> <span class='ocrx_word' id='word_1_268' title='bbox 1057 4074 1125 4126; x_wconf 90' lang='lat' dir='ltr'><strong>such</strong></span> <span class='ocrx_word' id='word_1_269' title='bbox 1150 4075 1242 4141; x_wconf 79' lang='lat' dir='ltr'><strong>ronige</strong></span> <span class='ocrx_word' id='word_1_270' title='bbox 1265 4090 1314 4124; x_wconf 85' lang='lat' dir='ltr'><strong>nro.</strong></span> 
     </span>
     <span class='ocr_line' id='line_1_36' title="bbox 153 4155 1316 4225; baseline 0.004 -21"><span class='ocrx_word' id='word_1_271' title='bbox 153 4155 168 4204; x_wconf 78' lang='lat' dir='ltr'><strong>t</strong></span> <span class='ocrx_word' id='word_1_272' title='bbox 196 4156 230 4209; x_wconf 77' lang='lat' dir='ltr'><strong>So</strong></span> <span class='ocrx_word' id='word_1_273' title='bbox 256 4156 297 4209; x_wconf 84' lang='lat' dir='ltr'><strong>dte</strong></span> <span class='ocrx_word' id='word_1_274' title='bbox 323 4158 495 4212; x_wconf 75' lang='lat' dir='ltr'><strong>handschritt,</strong></span> <span class='ocrx_word' id='word_1_275' title='bbox 534 4162 575 4213; x_wconf 92' lang='lat' dir='ltr'><strong>Ob</strong></span> <span class='ocrx_word' id='word_1_276' title='bbox 600 4161 644 4214; x_wconf 86' lang='lat' dir='ltr'><strong>dor</strong></span> <span class='ocrx_word' id='word_1_277' title='bbox 671 4164 836 4216; x_wconf 80' lang='lat' dir='ltr'><strong>abselrreibsr</strong></span> <span class='ocrx_word' id='word_1_278' title='bbox 861 4164 931 4216; x_wconf 84' lang='lat' dir='ltr'><strong>disse</strong></span> <span class='ocrx_word' id='word_1_279' title='bbox 955 4163 1037 4215; x_wconf 84' lang='lat' dir='ltr'><strong>lehlsr</strong></span> <span class='ocrx_word' id='word_1_280' title='bbox 1055 4162 1236 4225; x_wconf 83' lang='lat' dir='ltr'><strong>verschuldet,</strong></span> <span class='ocrx_word' id='word_1_281' title='bbox 1261 4160 1316 4212; x_wconf 86' lang='lat' dir='ltr'><strong>oder</strong></span> 
     </span>
     <span class='ocr_line' id='line_1_37' title="bbox 153 4240 1315 4321; baseline 0.004 -28"><span class='ocrx_word' id='word_1_282' title='bbox 153 4240 279 4295; x_wconf 81' lang='lat' dir='ltr'><strong>Reuehlin</strong></span> <span class='ocrx_word' id='word_1_283' title='bbox 299 4245 326 4297; x_wconf 89' lang='lat' dir='ltr'><strong>ln</strong></span> <span class='ocrx_word' id='word_1_284' title='bbox 346 4245 430 4299; x_wconf 78' lang='lat' dir='ltr'><strong>asinar</strong></span> <span class='ocrx_word' id='word_1_285' title='bbox 447 4248 496 4300; x_wconf 84' lang='lat' dir='ltr'><strong>elle</strong></span> <span class='ocrx_word' id='word_1_286' title='bbox 514 4248 568 4300; x_wconf 88' lang='lat' dir='ltr'><strong>und</strong></span> <span class='ocrx_word' id='word_1_287' title='bbox 587 4253 735 4320; x_wconf 78' lang='lat' dir='ltr'><strong>ant‘regung</strong></span> <span class='ocrx_word' id='word_1_288' title='bbox 754 4253 796 4303; x_wconf 88' lang='lat' dir='ltr'><strong>dic</strong></span> <span class='ocrx_word' id='word_1_289' title='bbox 815 4253 902 4321; x_wconf 85' lang='lat' dir='ltr'><strong>regeln</strong></span> <span class='ocrx_word' id='word_1_290' title='bbox 922 4251 966 4302; x_wconf 84' lang='lat' dir='ltr'><strong>der</strong></span> <span class='ocrx_word' id='word_1_291' title='bbox 979 4249 1151 4303; x_wconf 81' lang='lat' dir='ltr'><strong>lateinischen</strong></span> <span class='ocrx_word' id='word_1_292' title='bbox 1163 4248 1315 4318; x_wconf 73' lang='lat' dir='ltr'><strong>grammatil</strong></span> 
     </span>
     <span class='ocr_line' id='line_1_38' title="bbox 152 4331 1315 4407; baseline 0.007 -28"><span class='ocrx_word' id='word_1_293' title='bbox 152 4331 360 4401; x_wconf 77' lang='lat' dir='ltr'><strong>varnachlttssigt</strong></span> <span class='ocrx_word' id='word_1_294' title='bbox 381 4334 435 4399; x_wconf 88' lang='lat' dir='ltr'><strong>hat,</strong></span> <span class='ocrx_word' id='word_1_295' title='bbox 454 4335 538 4388; x_wconf 82' lang='lat' dir='ltr'><strong>bleibe</strong></span> <span class='ocrx_word' id='word_1_296' title='bbox 556 4337 752 4407; x_wconf 72' lang='lat' dir='ltr'><strong>dshingmtellt.</strong></span> <span class='ocrx_word' id='word_1_297' title='bbox 808 4345 823 4392; x_wconf 79' lang='grc'>6</span> <span class='ocrx_word' id='word_1_298' title='bbox 843 4341 892 4391; x_wconf 86' lang='lat' dir='ltr'><strong>Die</strong></span> <span class='ocrx_word' id='word_1_299' title='bbox 911 4338 1078 4391; x_wconf 75' lang='lat' dir='ltr'><strong>baudachrist</strong></span> <span class='ocrx_word' id='word_1_300' title='bbox 1096 4339 1154 4389; x_wconf 89' lang='lat' dir='ltr'><strong>hat:</strong></span> <span class='ocrx_word' id='word_1_301' title='bbox 1175 4337 1315 4388; x_wconf 78' lang='lat' dir='ltr'><strong>imminent.</strong></span> 
     </span>
     <span class='ocr_line' id='line_1_39' title="bbox 153 4415 681 4479; baseline 0.027 -16"><span class='ocrx_word' id='word_1_302' title='bbox 153 4418 167 4464; x_wconf 81' lang='lat'>7</span> <span class='ocrx_word' id='word_1_303' title='bbox 185 4415 235 4469; x_wconf 84' lang='lat' dir='ltr'><strong>Dis</strong></span> <span class='ocrx_word' id='word_1_304' title='bbox 254 4419 419 4476; x_wconf 78' lang='lat' dir='ltr'><strong>landsclmltt</strong></span> <span class='ocrx_word' id='word_1_305' title='bbox 437 4422 483 4476; x_wconf 81' lang='lat' dir='ltr'><strong>hat</strong></span> <span class='ocrx_word' id='word_1_306' title='bbox 501 4426 600 4478; x_wconf 78' lang='lat' dir='ltr'><strong>Autors</strong></span> <span class='ocrx_word' id='word_1_307' title='bbox 620 4441 681 4479; x_wconf 82' lang='lat' dir='ltr'><strong>mss.</strong></span> 
     </span>
    </p>
   </div>
   <div class='ocr_carea' id='block_1_10' title="bbox 0 0 1370 4898">
    <p class='ocr_par' dir='ltr' id='par_1_13' title="bbox 0 0 1370 4898">
     <span class='ocr_line' id='line_1_40' title="bbox 0 0 1370 4898; baseline 0 0"><span class='ocrx_word' id='word_1_308' title='bbox 0 0 1370 4898; x_wconf 95' lang='lat' dir='ltr'><strong> </strong></span> 
     </span>
    </p>
   </div>
  </div>
 </body>
</html>
