2716 4898
644 322 709 390 126

95 511 223 578 nomine
248 511 374 592 dicens,
402 511 489 597 qnod
520 513 696 579 secundum
719 513 965 581 extimationem
988 515 1022 580 in
1046 515 1260 583 anterioribus

95 614 200 683 literis
225 617 305 684 meis
339 622 525 682 contentam
559 617 637 683 velis
665 640 760 685 ame
783 618 884 686 libros
909 642 948 686 ex
973 627 1083 706 empto
1108 622 1259 706 recipere,

95 722 304 806 preciumque
319 722 451 787 tradere
465 722 500 787 in
515 725 652 806 pecunia
667 731 784 809 parata
799 747 858 808 per
874 725 1104 792 cancellariam
1120 734 1259 794 nostram

95 826 252 892 ducalem.
298 828 419 894 Icoirco
443 831 649 912 quantumvis
673 830 771 895 etiam
795 830 835 895 de
860 838 948 897 sorte
973 832 1122 916 perdam,
1146 838 1259 912 tamen,

95 932 171 1016 quia
194 933 240 998 sic
264 933 400 999 evadam
423 933 555 1000 fraudes
579 935 724 1016 malalee,
748 935 873 1019 gaudeo
896 935 1089 1020 plurimum,
1123 960 1163 1004 ne
1187 937 1258 1002 mihi

93 1038 240 1104 funditus
270 1039 471 1123 pereundum
494 1040 546 1104 sit.
592 1039 819 1124 Quapropter
843 1063 916 1108 cnm
938 1043 1020 1109 nihil
1042 1046 1076 1110 in
1101 1044 1256 1128 0080010ι

94 1150 151 1209 tuo
174 1143 259 1227 frugi
275 1143 383 1208 facere
399 1143 570 1228 possimus,
592 1145 656 1211 nisi
671 1144 759 1230 apud
780 1151 816 1212 te
839 1147 909 1227 sim,
933 1146 1018 1213 unde
1043 1155 1155 1216 custos
1183 1149 1257 1215 dixit

96 1255 129 1314 te
152 1247 269 1314 adme
293 1249 402 1335 aliquo
425 1249 636 1330 diuersurum,
659 1259 696 1315 ut
718 1270 783 1316 una
804 1272 956 1318 essemus.
999 1253 1094 1332 Quod
1111 1261 1145 1320 et
1160 1256 1263 1340 ipsum'

96 1353 141 1419 nil
171 1353 331 1420 sufficeret
360 1360 495 1438 propter
523 1355 705 1421 absentiam
735 1355 891 1421 librorum
914 1378 1123 1441 graecorum
1148 1358 1255 1445 quibus

95 1459 187 1524 usuri
203 1481 321 1541 sumus,
347 1482 404 1544 ego
421 1460 604 1526 laventibus
628 1461 754 1544 superis
778 1462 821 1526 ad
843 1468 876 1527 te
900 1462 991 1529 brevi
1012 1471 1169 1531 venturus
1185 1486 1254 1544 sum,

96 1564 220 1631 scilicet
250 1567 336 1631 intra
367 1573 406 1631 15
438 1565 517 1647 dies,
550 1567 681 1651 qnando
710 1587 795 1633 nnnc
825 1567 927 1633 feriae
954 1568 1155 1654 judiciorum
1181 1570 1193 1609 ²
1216 1570 1255 1635 in·

96 1673 244 1753 stabunt,
284 1679 317 1737 et
346 1672 479 1739 dabitur
505 1674 645 1752 uacatio,
683 1678 721 1738 ut
749 1673 803 1737 vix
833 1674 1031 1741 commodius
1061 1696 1121 1741 sen
1155 1675 1253 1760 potius

97 1778 231 1844 liberius
255 1777 297 1843 ad
313 1785 346 1843 te
362 1785 432 1844 toto
448 1800 533 1844 anno
549 1778 675 1844 valeam
691 1778 855 1845 accedere.
887 1780 929 1844 Et
943 1799 1030 1846 nunc
1045 1781 1252 1860 accessissem,

96 1885 124 1949 si
146 1905 210 1950 uon
233 1905 284 1950 me
301 1884 463 1950 detineret
477 1883 680 1969 aliquantula
695 1881 874 1968 aegritudo.
914 1883 1021 1968 capnt
1036 1887 1151 1968 stillat,
1176 1886 1251 1954 dolet

95 1994 219 2073 pectus,
243 1990 368 2054 cruciat
391 1989 501 2069 tussis,
523 1995 672 2056 mouetur
694 1988 811 2055 humor
826 1990 1058 2074 dysentericus.
1106 1991 1171 2059 Sed
1185 1992 1250 2057 haec

96 2095 204 2160 omnia
244 2116 339 2180 spero
376 2094 565 2179 propediem
601 2112 785 2160 recessura.
837 2096 926 2162 Tunc
955 2098 1100 2178 veniam,
1131 2098 1249 2175 veniam,

98 2201 167 2267 Deo
184 2201 219 2267 0.
235 2199 277 2266 Μ.
293 2201 432 2266 uolente.
454 2201 546 2266 Haeo
561 2200 681 2284 raptim
696 2200 738 2265 ad
754 2206 788 2266 te
804 2201 928 2285 scripsi,
950 2223 991 2268 ne
1012 2223 1102 2270 esses
1125 2204 1247 2270 nescius.

95 2308 185 2375 Vale.
209 2309 260 2373 Ex
283 2307 472 2391 Stntgardia
495 2312 515 2372 4
538 2304 612 2371 idus
636 2305 790 2390 quintiles
812 2327 897 2374 anuo
923 2312 1017 2374 1510.

147 2413 290 2481 Joannes
312 2413 469 2480 Reuchlin
492 2410 683 2478 Phorcensis
706 2411 768 2476 LL.
792 2411 863 2478 doc.
888 2418 922 2479 et
944 2412 1081 2481 Sueviae
1105 2414 1246 2482 triumuir.

306 2521 452 2604 Expecta
474 2518 636 2602 hospitem
659 2538 724 2583 nou
747 2515 888 2586 edacem.

196 2631 299 2692 Basler
329 2627 583 2690 universitttsbibl.
614 2627 769 2689 handschr.
802 2627 828 2688 G
858 2630 888 2690 II
919 2633 978 2691 13⁸
1008 2648 1071 2692 uro.
1106 2634 1147 2692 62
1177 2633 1243 2691 auto

93 2738 196 2814 graph.

629 2915 741 2984 cxlx.

165 3023 264 3076 Padua.
1015 3021 1049 3073 25
1067 3019 1128 3074 Jnli
1149 3021 1217 3073 1510.
1275 3054 1278 3060 -

366 3129 547 3231 Georgius
574 3128 704 3204 Nuttel
731 3153 780 3201 an
806 3125 991 3202 Reuchlin

100 3293 203 3361 dankt
217 3296 271 3362 fiir
287 3295 397 3362 seinen
412 3294 505 3376 brief,
521 3292 618 3360 theilt
639 3292 708 3372 mit,
732 3291 809 3358 dass
825 3313 861 3358 er
876 3290 929 3358 bei
945 3291 1046 3358 Jason
1062 3289 1103 3356 de
1118 3281 1244 3374 Mayno³

97 3399 191 3487 eifrig
231 3402 356 3468 studita
391 3400 459 3466 und
498 3406 584 3466 trotz
619 3398 677 3465 der
710 3397 949 3482 kriegerischen
988 3396 1138 3463 unruhen
1171 3395 1246 3461 seina

94 3508 224 3575 studien
246 3509 423 3575 fortsetzen
446 3507 537 3572 wolle
560 3505 628 3569 und
651 3504 759 3585 bittet‚
783 3503 845 3568 den
869 3501 1043 3569 Sebastian
1058 3500 1195 3584 Welling
1214 3512 1245 3562 m

93 3613 319 3693 veranlassen‚
355 3613 465 3678 seineu
497 3611 577 3677 sohn
610 3610 664 3674 siir
697 3609 760 3674 den
793 3609 908 3672 winter
949 3606 1033 3673 nach
1066 3606 1184 3672 Italien
1216 3621 1248 3667 uu

96 3717 256 3785 sohickcn.
302 3719 352 3783 Ex
374 3717 473 3782 Paria
498 3722 539 3781 25
563 3703 748 3795 Juli‚'ann0
775 3717 869 3779 1510.

183 3827 346 3889 Gedrnckt:
373 3822 727 3896 1=c.v.e.eaafa;
752 3822 918 3884 2=J.r.
940 3837 965 3880 e.
987 3838 1006 3895 g
1029 3823 1063 3894 23
1088 3824 1107 3882 3
1129 3819 1248 3880 :nu

94 3954 120 3996 v.
137 3936 167 3995 11
181 3933 230 3995 101.
249 3932 337 3994 3981
356 3979 363 3993 .

669 4072 687 4112 ⁸&

166 4183 270 4252 Inep]
293 4184 343 4233 Dia
361 4180 479 4248 ausgaba
507 4180 552 4231 des
573 4181 760 4245 Hieronymus.
833 4175 957 4243 2Judio.]
983 4177 1037 4225 Des
1061 4172 1249 4227 schwtbischen

93 4271 315 4339 bundesgerlchts
338 4269 401 4320 oder
424 4269 470 4318 dos
489 4268 646 4333 stuttgarter
669 4264 840 4331 hosgerichts.
914 4262 1010 4328 avgl.
1035 4263 1079 4314 do.
1105 4261 1250 4313 Fichardns:

91 4361 160 4412 Vita
178 4361 355 4412 recentiorum
377 4356 655 4407 Jureoonsnltornm..
680 4353 785 4402 Patavii
805 4350 940 4403 MDLXV.
959 4351 1005 4401 sol.
1026 4350 1050 4399 1)
1071 4353 1111 4402 3⁸.
1133 4350 1187 4402 und
1211 4349 1250 4401 Sa·

93 4450 185 4517 rigny,
203 4449 293 4517 gasch.
317 4447 363 4498 das
380 4451 444 4498 rtm.
464 4446 551 4498 rechts
570 4445 596 4495 in
615 4459 664 4495 ma.
684 4441 740 4493 bes.
759 4439 804 4492 bd.
823 4439 868 4489 VI.
