<?xml version="1.0" encoding="UTF-8"?>
<!DOCTYPE html PUBLIC "-//W3C//DTD XHTML 1.0 Transitional//EN"
    "http://www.w3.org/TR/xhtml1/DTD/xhtml1-transitional.dtd">
<html xmlns="http://www.w3.org/1999/xhtml" xml:lang="en" lang="en">
 <head>
  <title>
</title>
<meta http-equiv="Content-Type" content="text/html;charset=utf-8" />
  <meta name='ocr-system' content='tesseract 3.04.00' />
  <meta name='ocr-capabilities' content='ocr_page ocr_carea ocr_par ocr_line ocrx_word'/>
</head>
<body>
  <div class='ocr_page' id='page_1' title='image "./johannreuchlins00reucgoog/johannreuchlins00reucgoog_0324.png"; bbox 0 0 2716 4898; ppageno 0'>
   <div class='ocr_carea' id='block_1_1' title="bbox 649 257 715 323">
    <p class='ocr_par' dir='ltr' id='par_1_1' title="bbox 649 257 715 323">
     <span class='ocr_line' id='line_1_1' title="bbox 649 257 715 323; baseline -0.015 0"><span class='ocrx_word' id='word_1_1' title='bbox 649 257 715 323; x_wconf 77' lang='lat'><strong>312</strong></span> 
     </span>
    </p>
   </div>
   <div class='ocr_carea' id='block_1_2' title="bbox 92 441 1256 744">
    <p class='ocr_par' dir='ltr' id='par_1_2' title="bbox 92 441 1256 744">
     <span class='ocr_line' id='line_1_2' title="bbox 92 441 1256 529; baseline -0.003 -14"><span class='ocrx_word' id='word_1_2' title='bbox 92 449 182 517; x_wconf 87' lang='lat' dir='ltr'><strong>nicht</strong></span> <span class='ocrx_word' id='word_1_3' title='bbox 204 469 241 516; x_wconf 85' lang='lat' dir='ltr'><strong>eo</strong></span> <span class='ocrx_word' id='word_1_4' title='bbox 271 449 328 529; x_wconf 91' lang='lat' dir='ltr'><strong>sei,</strong></span> <span class='ocrx_word' id='word_1_5' title='bbox 357 449 416 515; x_wconf 74' lang='lat' dir='ltr'><strong>rie</strong></span> <span class='ocrx_word' id='word_1_6' title='bbox 447 468 522 516; x_wconf 85' lang='lat' dir='ltr'><strong>man</strong></span> <span class='ocrx_word' id='word_1_7' title='bbox 554 453 707 514; x_wconf 80' lang='lat' dir='ltr'><strong>erwartet</strong></span> <span class='ocrx_word' id='word_1_8' title='bbox 736 445 832 514; x_wconf 84' lang='lat' dir='ltr'><strong>habe.</strong></span> <span class='ocrx_word' id='word_1_9' title='bbox 854 445 973 513; x_wconf 85' lang='lat' dir='ltr'><strong>Kaiser</strong></span> <span class='ocrx_word' id='word_1_10' title='bbox 995 441 1197 512; x_wconf 80' lang='lat' dir='ltr'><strong>Maximillae</strong></span> <span class='ocrx_word' id='word_1_11' title='bbox 1218 444 1256 512; x_wconf 87' lang='lat' dir='ltr'><strong>sei</strong></span> 
     </span>
     <span class='ocr_line' id='line_1_3' title="bbox 92 548 1255 642; baseline -0.004 -21"><span class='ocrx_word' id='word_1_12' title='bbox 92 555 267 642; x_wconf 86' lang='lat' dir='ltr'><strong>gestorben</strong></span> <span class='ocrx_word' id='word_1_13' title='bbox 286 557 312 635; x_wconf 81' lang='lat'><strong>¹3</strong></span> <span class='ocrx_word' id='word_1_14' title='bbox 336 553 499 620; x_wconf 85' lang='lat' dir='ltr'><strong>vielleiobt</strong></span> <span class='ocrx_word' id='word_1_15' title='bbox 513 552 620 618; x_wconf 82' lang='lat' dir='ltr'>werde</span> <span class='ocrx_word' id='word_1_16' title='bbox 636 553 689 618; x_wconf 91' lang='lat' dir='ltr'><strong>ein</strong></span> <span class='ocrx_word' id='word_1_17' title='bbox 711 552 981 638; x_wconf 70' lang='lat' dir='ltr'><strong>tbatkraftigerer</strong></span> <span class='ocrx_word' id='word_1_18' title='bbox 991 555 1108 636; x_wconf 85' lang='lat' dir='ltr'><strong>regent</strong></span> <span class='ocrx_word' id='word_1_19' title='bbox 1130 548 1255 635; x_wconf 72' lang='lat' dir='ltr'><strong>gewihlt</strong></span> 
     </span>
     <span class='ocr_line' id='line_1_4' title="bbox 94 658 780 744; baseline -0.004 -18"><span class='ocrx_word' id='word_1_20' title='bbox 94 659 233 726; x_wconf 78' lang='lat' dir='ltr'><strong>werden.</strong></span> <span class='ocrx_word' id='word_1_21' title='bbox 280 659 369 738; x_wconf 87' lang='lat' dir='ltr'><strong>Vale,</strong></span> <span class='ocrx_word' id='word_1_22' title='bbox 392 658 476 744; x_wconf 86' lang='lat' dir='ltr'><strong>prid.</strong></span> <span class='ocrx_word' id='word_1_23' title='bbox 500 658 543 723; x_wconf 92' lang='lat' dir='ltr'><strong>id.</strong></span> <span class='ocrx_word' id='word_1_24' title='bbox 567 658 660 724; x_wconf 82' lang='lat' dir='ltr'><strong>Febr.</strong></span> <span class='ocrx_word' id='word_1_25' title='bbox 688 664 780 725; x_wconf 83' lang='grc'><strong>1519.</strong></span> 
     </span>
    </p>
   </div>
   <div class='ocr_carea' id='block_1_3' title="bbox 91 781 1253 967">
    <p class='ocr_par' dir='ltr' id='par_1_3' title="bbox 91 781 1253 967">
     <span class='ocr_line' id='line_1_5' title="bbox 182 781 1253 860; baseline -0.005 -15"><span class='ocrx_word' id='word_1_26' title='bbox 182 785 344 846; x_wconf 85' lang='lat' dir='ltr'><strong>llandschr.</strong></span> <span class='ocrx_word' id='word_1_27' title='bbox 363 804 405 843; x_wconf 86' lang='lat'><strong>=</strong></span> <span class='ocrx_word' id='word_1_28' title='bbox 420 785 498 846; x_wconf 88' lang='lat' dir='ltr'><strong>Berl.</strong></span> <span class='ocrx_word' id='word_1_29' title='bbox 516 800 612 858; x_wconf 68' lang='lat' dir='ltr'><strong>macr,</strong></span> <span class='ocrx_word' id='word_1_30' title='bbox 633 783 683 843; x_wconf 92' lang='lat' dir='ltr'><strong>fol.</strong></span> <span class='ocrx_word' id='word_1_31' title='bbox 709 788 764 858; x_wconf 85' lang='grc'><strong>36;</strong></span> <span class='ocrx_word' id='word_1_32' title='bbox 789 784 942 860; x_wconf 82' lang='lat' dir='ltr'><strong>gedrucld:</strong></span> <span class='ocrx_word' id='word_1_33' title='bbox 960 788 1038 842; x_wconf 87' lang='lat'><strong>:1</strong></span> <span class='ocrx_word' id='word_1_34' title='bbox 1067 781 1253 856; x_wconf 78' lang='lat' dir='ltr'><strong>Friedllnder,</strong></span> 
     </span>
     <span class='ocr_line' id='line_1_6' title="bbox 91 887 1121 967; baseline -0.006 -15"><span class='ocrx_word' id='word_1_35' title='bbox 91 893 222 967; x_wconf 77' lang='lat' dir='ltr'><strong>beitrage</strong></span> <span class='ocrx_word' id='word_1_36' title='bbox 245 909 268 951; x_wconf 87' lang='lat' dir='ltr'><strong>s.</strong></span> <span class='ocrx_word' id='word_1_37' title='bbox 295 894 350 965; x_wconf 79' lang='lat'><strong>863</strong></span> <span class='ocrx_word' id='word_1_38' title='bbox 377 895 454 951; x_wconf 83' lang='lat'><strong>2:</strong></span> <span class='ocrx_word' id='word_1_39' title='bbox 468 889 607 965; x_wconf 80' lang='lat' dir='ltr'><strong>Boelring,</strong></span> <span class='ocrx_word' id='word_1_40' title='bbox 631 906 722 965; x_wconf 86' lang='lat' dir='ltr'><strong>opera</strong></span> <span class='ocrx_word' id='word_1_41' title='bbox 745 891 864 951; x_wconf 82' lang='lat' dir='ltr'><strong>Hntteni</strong></span> <span class='ocrx_word' id='word_1_42' title='bbox 892 889 916 964; x_wconf 89' lang='lat'><strong>1,</strong></span> <span class='ocrx_word' id='word_1_43' title='bbox 940 906 965 949; x_wconf 91' lang='lat' dir='ltr'><strong>s.</strong></span> <span class='ocrx_word' id='word_1_44' title='bbox 991 887 1121 964; x_wconf 69' lang='lat'><strong>45813.</strong></span> 
     </span>
    </p>
   </div>
   <div class='ocr_carea' id='block_1_4' title="bbox 166 1213 1224 1388">
    <p class='ocr_par' dir='ltr' id='par_1_4' title="bbox 166 1213 1224 1388">
     <span class='ocr_line' id='line_1_7' title="bbox 581 1213 778 1283; baseline -0.005 0"><span class='ocrx_word' id='word_1_45' title='bbox 581 1213 778 1283; x_wconf 72' lang='grc'><strong>0011111111.</strong></span> 
     </span>
     <span class='ocr_line' id='line_1_8' title="bbox 166 1319 1224 1388; baseline -0.003 -16"><span class='ocrx_word' id='word_1_46' title='bbox 166 1325 301 1388; x_wconf 71' lang='lat' dir='ltr'><strong>stuttgart.</strong></span> <span class='ocrx_word' id='word_1_47' title='bbox 1005 1325 1037 1372; x_wconf 81' lang='lat' dir='ltr'><strong>ra</strong></span> <span class='ocrx_word' id='word_1_48' title='bbox 1056 1319 1135 1373; x_wconf 74' lang='lat' dir='ltr'><strong>rem.</strong></span> <span class='ocrx_word' id='word_1_49' title='bbox 1157 1321 1224 1372; x_wconf 80' lang='lat' dir='ltr'><strong>run</strong></span> 
     </span>
    </p>
   </div>
   <div class='ocr_carea' id='block_1_5' title="bbox 287 1423 1074 1501">
    <p class='ocr_par' dir='ltr' id='par_1_5' title="bbox 287 1423 1074 1501">
     <span class='ocr_line' id='line_1_9' title="bbox 287 1423 1074 1501; baseline -0.001 0"><span class='ocrx_word' id='word_1_50' title='bbox 287 1425 453 1501; x_wconf 82' lang='lat' dir='ltr'><strong>doannes</strong></span> <span class='ocrx_word' id='word_1_51' title='bbox 481 1423 665 1501; x_wconf 86' lang='lat' dir='ltr'><strong>Reuchlin</strong></span> <span class='ocrx_word' id='word_1_52' title='bbox 693 1453 742 1501; x_wconf 87' lang='lat' dir='ltr'><strong>an</strong></span> <span class='ocrx_word' id='word_1_53' title='bbox 769 1426 877 1501; x_wconf 83' lang='lat' dir='ltr'><strong>Peter</strong></span> <span class='ocrx_word' id='word_1_54' title='bbox 904 1423 1074 1501; x_wconf 78' lang='lat' dir='ltr'><strong>Galatia.</strong></span> 
     </span>
    </p>
   </div>
   <div class='ocr_carea' id='block_1_6' title="bbox 89 1612 1253 3690">
    <p class='ocr_par' dir='ltr' id='par_1_6' title="bbox 89 1612 1253 3282">
     <span class='ocr_line' id='line_1_10' title="bbox 182 1612 1247 1699; baseline -0.003 -17"><span class='ocrx_word' id='word_1_55' title='bbox 182 1617 209 1682; x_wconf 93' lang='grc' dir='ltr'>Ο</span> <span class='ocrx_word' id='word_1_56' title='bbox 233 1636 301 1681; x_wconf 92' lang='lat' dir='ltr'><strong>rem</strong></span> <span class='ocrx_word' id='word_1_57' title='bbox 317 1616 485 1695; x_wconf 83' lang='lat' dir='ltr'><strong>miseram,</strong></span> <span class='ocrx_word' id='word_1_58' title='bbox 517 1638 536 1684; x_wconf 96' lang='lat' dir='ltr'><strong>o</strong></span> <span class='ocrx_word' id='word_1_59' title='bbox 560 1613 790 1682; x_wconf 81' lang='lat' dir='ltr'><strong>detrimentum</strong></span> <span class='ocrx_word' id='word_1_60' title='bbox 811 1615 1020 1699; x_wconf 89' lang='lat' dir='ltr'><strong>insperatum,</strong></span> <span class='ocrx_word' id='word_1_61' title='bbox 1046 1612 1247 1679; x_wconf 89' lang='lat' dir='ltr'><strong>ofrustatnm</strong></span> 
     </span>
     <span class='ocr_line' id='line_1_11' title="bbox 93 1718 1251 1808; baseline -0.004 -21"><span class='ocrx_word' id='word_1_62' title='bbox 93 1721 276 1788; x_wconf 90' lang='lat' dir='ltr'><strong>consilium!</strong></span> <span class='ocrx_word' id='word_1_63' title='bbox 309 1722 392 1788; x_wconf 88' lang='lat' dir='ltr'><strong>Nam</strong></span> <span class='ocrx_word' id='word_1_64' title='bbox 415 1723 501 1808; x_wconf 91' lang='lat' dir='ltr'><strong>quod</strong></span> <span class='ocrx_word' id='word_1_65' title='bbox 525 1744 546 1788; x_wconf 92' lang='lat' dir='ltr'><strong>a</strong></span> <span class='ocrx_word' id='word_1_66' title='bbox 568 1742 619 1787; x_wconf 88' lang='lat' dir='ltr'><strong>me</strong></span> <span class='ocrx_word' id='word_1_67' title='bbox 636 1720 835 1805; x_wconf 86' lang='lat' dir='ltr'><strong>requerebas</strong></span> <span class='ocrx_word' id='word_1_68' title='bbox 854 1721 923 1805; x_wconf 88' lang='lat' dir='ltr'><strong>jam</strong></span> <span class='ocrx_word' id='word_1_69' title='bbox 946 1718 1078 1786; x_wconf 86' lang='lat' dir='ltr'><strong>effectui</strong></span> <span class='ocrx_word' id='word_1_70' title='bbox 1102 1718 1251 1796; x_wconf 85' lang='lat' dir='ltr'><strong>dederam,</strong></span> 
     </span>
     <span class='ocr_line' id='line_1_12' title="bbox 89 1822 1252 1912; baseline -0.003 -21"><span class='ocrx_word' id='word_1_71' title='bbox 89 1827 159 1912; x_wconf 85' lang='lat' dir='ltr'><strong>jam</strong></span> <span class='ocrx_word' id='word_1_72' title='bbox 182 1827 286 1893; x_wconf 83' lang='lat' dir='ltr'><strong>literae</strong></span> <span class='ocrx_word' id='word_1_73' title='bbox 309 1827 478 1894; x_wconf 81' lang='lat' dir='ltr'><strong>Caesaris²</strong></span> <span class='ocrx_word' id='word_1_74' title='bbox 502 1828 673 1912; x_wconf 84' lang='lat' dir='ltr'><strong>diligenter</strong></span> <span class='ocrx_word' id='word_1_75' title='bbox 697 1833 731 1892; x_wconf 84' lang='lat' dir='ltr'><strong>et</strong></span> <span class='ocrx_word' id='word_1_76' title='bbox 752 1849 812 1910; x_wconf 92' lang='lat' dir='ltr'><strong>pro</strong></span> <span class='ocrx_word' id='word_1_77' title='bbox 836 1832 892 1891; x_wconf 91' lang='lat' dir='ltr'><strong>tuo</strong></span> <span class='ocrx_word' id='word_1_78' title='bbox 916 1833 991 1891; x_wconf 84' lang='lat' dir='ltr'><strong>voto</strong></span> <span class='ocrx_word' id='word_1_79' title='bbox 1015 1823 1177 1910; x_wconf 83' lang='lat' dir='ltr'><strong>expeditae</strong></span> <span class='ocrx_word' id='word_1_80' title='bbox 1198 1822 1252 1889; x_wconf 86' lang='lat' dir='ltr'><strong>fue</strong></span> 
     </span>
     <span class='ocr_line' id='line_1_13' title="bbox 93 1927 1252 2018; baseline -0.005 -21"><span class='ocrx_word' id='word_1_81' title='bbox 93 1938 168 1997; x_wconf 86' lang='lat' dir='ltr'><strong>rant</strong></span> <span class='ocrx_word' id='word_1_82' title='bbox 191 1937 224 1996; x_wconf 92' lang='lat' dir='ltr'><strong>et</strong></span> <span class='ocrx_word' id='word_1_83' title='bbox 247 1933 377 1999; x_wconf 83' lang='lat' dir='ltr'><strong>Romam</strong></span> <span class='ocrx_word' id='word_1_84' title='bbox 401 1955 513 2000; x_wconf 82' lang='lat' dir='ltr'><strong>versus</strong></span> <span class='ocrx_word' id='word_1_85' title='bbox 537 1934 652 2013; x_wconf 85' lang='lat' dir='ltr'><strong>missae,</strong></span> <span class='ocrx_word' id='word_1_86' title='bbox 675 1937 712 1999; x_wconf 90' lang='lat' dir='ltr'><strong>ut</strong></span> <span class='ocrx_word' id='word_1_87' title='bbox 735 1953 833 2018; x_wconf 88' lang='lat' dir='ltr'><strong>quam</strong></span> <span class='ocrx_word' id='word_1_88' title='bbox 857 1931 994 1996; x_wconf 87' lang='lat' dir='ltr'><strong>maxime</strong></span> <span class='ocrx_word' id='word_1_89' title='bbox 1011 1951 1180 2015; x_wconf 82' lang='lat' dir='ltr'><strong>sperarem</strong></span> <span class='ocrx_word' id='word_1_90' title='bbox 1200 1927 1252 1993; x_wconf 91' lang='lat' dir='ltr'><strong>mei</strong></span> 
     </span>
     <span class='ocr_line' id='line_1_14' title="bbox 95 2036 1253 2122; baseline -0.003 -20"><span class='ocrx_word' id='word_1_91' title='bbox 95 2037 233 2121; x_wconf 80' lang='lat' dir='ltr'><strong>gratiam</strong></span> <span class='ocrx_word' id='word_1_92' title='bbox 257 2036 290 2101; x_wconf 93' lang='lat' dir='ltr'><strong>in</strong></span> <span class='ocrx_word' id='word_1_93' title='bbox 315 2044 347 2102; x_wconf 89' lang='lat' dir='ltr'><strong>to</strong></span> <span class='ocrx_word' id='word_1_94' title='bbox 370 2060 433 2104; x_wconf 91' lang='lat' dir='ltr'><strong>non</strong></span> <span class='ocrx_word' id='word_1_95' title='bbox 452 2038 644 2105; x_wconf 86' lang='lat' dir='ltr'><strong>illiberalem</strong></span> <span class='ocrx_word' id='word_1_96' title='bbox 669 2059 719 2103; x_wconf 91' lang='lat' dir='ltr'><strong>me</strong></span> <span class='ocrx_word' id='word_1_97' title='bbox 743 2037 929 2115; x_wconf 81' lang='lat' dir='ltr'><strong>collocasse,</strong></span> <span class='ocrx_word' id='word_1_98' title='bbox 953 2037 1094 2122; x_wconf 78' lang='lat' dir='ltr'><strong>quitum</strong></span> <span class='ocrx_word' id='word_1_99' title='bbox 1118 2041 1253 2120; x_wconf 88' lang='lat' dir='ltr'><strong>prompto</strong></span> 
     </span>
     <span class='ocr_line' id='line_1_15' title="bbox 94 2141 1253 2226; baseline -0.002 -19"><span class='ocrx_word' id='word_1_100' title='bbox 94 2146 214 2207; x_wconf 87' lang='lat' dir='ltr'><strong>conatu</strong></span> <span class='ocrx_word' id='word_1_101' title='bbox 238 2142 345 2209; x_wconf 89' lang='lat' dir='ltr'><strong>omnia</strong></span> <span class='ocrx_word' id='word_1_102' title='bbox 367 2149 426 2210; x_wconf 87' lang='lat' dir='ltr'><strong>tua</strong></span> <span class='ocrx_word' id='word_1_103' title='bbox 449 2144 662 2225; x_wconf 83' lang='lat' dir='ltr'><strong>confeceram,</strong></span> <span class='ocrx_word' id='word_1_104' title='bbox 686 2142 836 2209; x_wconf 89' lang='lat' dir='ltr'><strong>laetabar</strong></span> <span class='ocrx_word' id='word_1_105' title='bbox 859 2164 918 2226; x_wconf 87' lang='lat' dir='ltr'><strong>ego</strong></span> <span class='ocrx_word' id='word_1_106' title='bbox 941 2162 1070 2226; x_wconf 89' lang='lat' dir='ltr'><strong>quoque</strong></span> <span class='ocrx_word' id='word_1_107' title='bbox 1095 2141 1145 2207; x_wconf 87' lang='lat' dir='ltr'><strong>tui</strong></span> <span class='ocrx_word' id='word_1_108' title='bbox 1168 2159 1253 2206; x_wconf 84' lang='lat' dir='ltr'><strong>causa</strong></span> 
     </span>
     <span class='ocr_line' id='line_1_16' title="bbox 95 2245 1252 2332; baseline -0.003 -19"><span class='ocrx_word' id='word_1_109' title='bbox 95 2248 176 2314; x_wconf 90' lang='lat' dir='ltr'><strong>miro</strong></span> <span class='ocrx_word' id='word_1_110' title='bbox 199 2247 334 2332; x_wconf 87' lang='lat' dir='ltr'><strong>gaudio;</strong></span> <span class='ocrx_word' id='word_1_111' title='bbox 357 2258 425 2316; x_wconf 88' lang='lat' dir='ltr'><strong>tum</strong></span> <span class='ocrx_word' id='word_1_112' title='bbox 451 2273 525 2316; x_wconf 89' lang='lat' dir='ltr'><strong>ecoe</strong></span> <span class='ocrx_word' id='word_1_113' title='bbox 551 2251 659 2316; x_wconf 89' lang='lat' dir='ltr'><strong>subito</strong></span> <span class='ocrx_word' id='word_1_114' title='bbox 683 2249 902 2327; x_wconf 88' lang='lat' dir='ltr'><strong>renunciatur,</strong></span> <span class='ocrx_word' id='word_1_115' title='bbox 925 2247 1013 2332; x_wconf 91' lang='lat' dir='ltr'><strong>quod</strong></span> <span class='ocrx_word' id='word_1_116' title='bbox 1034 2245 1252 2312; x_wconf 84' lang='lat' dir='ltr'><strong>invictissimus</strong></span> 
     </span>
     <span class='ocr_line' id='line_1_17' title="bbox 94 2351 1252 2441; baseline -0.003 -23"><span class='ocrx_word' id='word_1_117' title='bbox 94 2355 276 2438; x_wconf 89' lang='lat' dir='ltr'><strong>Imperator</strong></span> <span class='ocrx_word' id='word_1_118' title='bbox 298 2376 402 2440; x_wconf 90' lang='lat' dir='ltr'><strong>nuper</strong></span> <span class='ocrx_word' id='word_1_119' title='bbox 424 2358 632 2441; x_wconf 80' lang='lat' dir='ltr'><strong>impugnante</strong></span> <span class='ocrx_word' id='word_1_120' title='bbox 656 2363 774 2421; x_wconf 90' lang='lat' dir='ltr'><strong>natura</strong></span> <span class='ocrx_word' id='word_1_121' title='bbox 800 2361 905 2420; x_wconf 85' lang='lat' dir='ltr'><strong>morte</strong></span> <span class='ocrx_word' id='word_1_122' title='bbox 933 2354 1038 2418; x_wconf 80' lang='lat' dir='ltr'><strong>victus</strong></span> <span class='ocrx_word' id='word_1_123' title='bbox 1067 2351 1252 2418; x_wconf 87' lang='lat' dir='ltr'><strong>occubuerit</strong></span> 
     </span>
     <span class='ocr_line' id='line_1_18' title="bbox 92 2455 1251 2545; baseline -0.005 -21"><span class='ocrx_word' id='word_1_124' title='bbox 92 2459 208 2545; x_wconf 82' lang='lat' dir='ltr'><strong>ltaque</strong></span> <span class='ocrx_word' id='word_1_125' title='bbox 232 2459 381 2527; x_wconf 85' lang='lat' dir='ltr'><strong>dolebam</strong></span> <span class='ocrx_word' id='word_1_126' title='bbox 403 2461 565 2527; x_wconf 85' lang='lat' dir='ltr'><strong>infelicem</strong></span> <span class='ocrx_word' id='word_1_127' title='bbox 588 2482 708 2541; x_wconf 87' lang='lat' dir='ltr'><strong>casum,</strong></span> <span class='ocrx_word' id='word_1_128' title='bbox 725 2460 812 2544; x_wconf 88' lang='lat' dir='ltr'><strong>quod</strong></span> <span class='ocrx_word' id='word_1_129' title='bbox 836 2480 887 2523; x_wconf 89' lang='lat' dir='ltr'><strong>me</strong></span> <span class='ocrx_word' id='word_1_130' title='bbox 910 2479 973 2524; x_wconf 93' lang='lat' dir='ltr'><strong>non</strong></span> <span class='ocrx_word' id='word_1_131' title='bbox 996 2459 1101 2525; x_wconf 87' lang='lat' dir='ltr'><strong>multo</strong></span> <span class='ocrx_word' id='word_1_132' title='bbox 1124 2463 1200 2523; x_wconf 88' lang='lat' dir='ltr'><strong>ante</strong></span> <span class='ocrx_word' id='word_1_133' title='bbox 1221 2455 1251 2520; x_wconf 91' lang='lat' dir='ltr'><strong>de</strong></span> 
     </span>
     <span class='ocr_line' id='line_1_19' title="bbox 94 2561 1252 2650; baseline -0.001 -21"><span class='ocrx_word' id='word_1_134' title='bbox 94 2570 152 2632; x_wconf 87' lang='lat' dir='ltr'><strong>tua</strong></span> <span class='ocrx_word' id='word_1_135' title='bbox 185 2565 351 2632; x_wconf 84' lang='lat' dir='ltr'><strong>voluntate</strong></span> <span class='ocrx_word' id='word_1_136' title='bbox 381 2568 553 2633; x_wconf 88' lang='lat' dir='ltr'><strong>certiorem</strong></span> <span class='ocrx_word' id='word_1_137' title='bbox 583 2566 774 2646; x_wconf 86' lang='lat' dir='ltr'><strong>reddideris,</strong></span> <span class='ocrx_word' id='word_1_138' title='bbox 808 2585 873 2650; x_wconf 91' lang='lat' dir='ltr'><strong>quo</strong></span> <span class='ocrx_word' id='word_1_139' title='bbox 904 2571 1052 2649; x_wconf 88' lang='lat' dir='ltr'><strong>tempore</strong></span> <span class='ocrx_word' id='word_1_140' title='bbox 1080 2585 1153 2629; x_wconf 89' lang='lat' dir='ltr'><strong>cum</strong></span> <span class='ocrx_word' id='word_1_141' title='bbox 1188 2561 1252 2646; x_wconf 83' lang='lat' dir='ltr'><strong>Spe</strong></span> 
     </span>
     <span class='ocr_line' id='line_1_20' title="bbox 95 2667 1251 2756; baseline -0.003 -23"><span class='ocrx_word' id='word_1_142' title='bbox 95 2669 232 2736; x_wconf 77' lang='lat' dir='ltr'><strong>rantio³</strong></span> <span class='ocrx_word' id='word_1_143' title='bbox 254 2677 366 2738; x_wconf 87' lang='lat' dir='ltr'><strong>nostro</strong></span> <span class='ocrx_word' id='word_1_144' title='bbox 390 2672 565 2738; x_wconf 88' lang='lat' dir='ltr'><strong>tractabas.</strong></span> <span class='ocrx_word' id='word_1_145' title='bbox 595 2670 660 2737; x_wconf 83' lang='lat' dir='ltr'><strong>Sed</strong></span> <span class='ocrx_word' id='word_1_146' title='bbox 682 2670 806 2738; x_wconf 87' lang='lat' dir='ltr'><strong>confido</strong></span> <span class='ocrx_word' id='word_1_147' title='bbox 831 2670 958 2756; x_wconf 82' lang='lat' dir='ltr'><strong>asylum</strong></span> <span class='ocrx_word' id='word_1_148' title='bbox 980 2691 1089 2736; x_wconf 87' lang='lat' dir='ltr'><strong>meum</strong></span> <span class='ocrx_word' id='word_1_149' title='bbox 1114 2667 1251 2734; x_wconf 85' lang='lat' dir='ltr'><strong>Galatine</strong></span> 
     </span>
     <span class='ocr_line' id='line_1_21' title="bbox 98 2772 1251 2862; baseline -0.003 -23"><span class='ocrx_word' id='word_1_150' title='bbox 98 2774 287 2861; x_wconf 86' lang='lat' dir='ltr'><strong>redemptor</strong></span> <span class='ocrx_word' id='word_1_151' title='bbox 309 2785 343 2843; x_wconf 90' lang='lat' dir='ltr'><strong>et</strong></span> <span class='ocrx_word' id='word_1_152' title='bbox 366 2784 533 2862; x_wconf 88' lang='lat' dir='ltr'><strong>protector</strong></span> <span class='ocrx_word' id='word_1_153' title='bbox 555 2778 600 2843; x_wconf 92' lang='lat' dir='ltr'><strong>mi</strong></span> <span class='ocrx_word' id='word_1_154' title='bbox 630 2784 675 2843; x_wconf 91' lang='lat' dir='ltr'><strong>tu.</strong></span> <span class='ocrx_word' id='word_1_155' title='bbox 719 2778 839 2844; x_wconf 88' lang='lat' dir='ltr'><strong>Omnes</strong></span> <span class='ocrx_word' id='word_1_156' title='bbox 873 2776 1001 2862; x_wconf 89' lang='lat' dir='ltr'><strong>imperii</strong></span> <span class='ocrx_word' id='word_1_157' title='bbox 1026 2775 1185 2842; x_wconf 85' lang='lat' dir='ltr'><strong>electores</strong></span> <span class='ocrx_word' id='word_1_158' title='bbox 1206 2772 1251 2838; x_wconf 92' lang='lat' dir='ltr'><strong>mi·</strong></span> 
     </span>
     <span class='ocr_line' id='line_1_22' title="bbox 97 2877 1252 2967; baseline -0.002 -21"><span class='ocrx_word' id='word_1_159' title='bbox 97 2877 185 2947; x_wconf 87' lang='lat' dir='ltr'><strong>ritice</strong></span> <span class='ocrx_word' id='word_1_160' title='bbox 208 2902 259 2948; x_wconf 90' lang='lat' dir='ltr'><strong>me</strong></span> <span class='ocrx_word' id='word_1_161' title='bbox 283 2890 395 2948; x_wconf 90' lang='lat' dir='ltr'><strong>amant</strong></span> <span class='ocrx_word' id='word_1_162' title='bbox 419 2890 452 2949; x_wconf 90' lang='lat' dir='ltr'><strong>et</strong></span> <span class='ocrx_word' id='word_1_163' title='bbox 475 2884 656 2950; x_wconf 89' lang='lat' dir='ltr'><strong>incredibili</strong></span> <span class='ocrx_word' id='word_1_164' title='bbox 679 2883 851 2949; x_wconf 87' lang='lat' dir='ltr'><strong>clementia</strong></span> <span class='ocrx_word' id='word_1_165' title='bbox 878 2886 1130 2967; x_wconf 87' lang='lat' dir='ltr'><strong>prosequuntur.</strong></span> <span class='ocrx_word' id='word_1_166' title='bbox 1153 2879 1252 2946; x_wconf 87' lang='lat' dir='ltr'><strong>Electo</strong></span> 
     </span>
     <span class='ocr_line' id='line_1_23' title="bbox 95 2985 1252 3075; baseline -0.003 -25"><span class='ocrx_word' id='word_1_167' title='bbox 95 2985 194 3070; x_wconf 87' lang='lat' dir='ltr'><strong>igitur</strong></span> <span class='ocrx_word' id='word_1_168' title='bbox 216 2993 274 3053; x_wconf 89' lang='lat' dir='ltr'><strong>aut</strong></span> <span class='ocrx_word' id='word_1_169' title='bbox 289 2987 470 3054; x_wconf 87' lang='lat' dir='ltr'><strong>Germaniae</strong></span> <span class='ocrx_word' id='word_1_170' title='bbox 487 2990 573 3075; x_wconf 87' lang='lat' dir='ltr'><strong>Rege</strong></span> <span class='ocrx_word' id='word_1_171' title='bbox 590 2996 648 3056; x_wconf 90' lang='lat' dir='ltr'><strong>aut</strong></span> <span class='ocrx_word' id='word_1_172' title='bbox 664 2989 882 3056; x_wconf 90' lang='lat' dir='ltr'><strong>Romanorum</strong></span> <span class='ocrx_word' id='word_1_173' title='bbox 902 2988 1107 3071; x_wconf 85' lang='lat' dir='ltr'><strong>Imperatore</strong></span> <span class='ocrx_word' id='word_1_174' title='bbox 1130 3007 1192 3052; x_wconf 90' lang='lat' dir='ltr'><strong>non</strong></span> <span class='ocrx_word' id='word_1_175' title='bbox 1208 3003 1252 3051; x_wconf 89' lang='lat' dir='ltr'><strong>sro</strong></span> 
     </span>
     <span class='ocr_line' id='line_1_24' title="bbox 96 3091 1252 3180; baseline -0.002 -25"><span class='ocrx_word' id='word_1_176' title='bbox 96 3091 264 3158; x_wconf 90' lang='lat' dir='ltr'><strong>immemor</strong></span> <span class='ocrx_word' id='word_1_177' title='bbox 287 3094 345 3173; x_wconf 89' lang='lat' dir='ltr'><strong>tui,</strong></span> <span class='ocrx_word' id='word_1_178' title='bbox 368 3094 437 3180; x_wconf 89' lang='lat' dir='ltr'><strong>ipse</strong></span> <span class='ocrx_word' id='word_1_179' title='bbox 461 3100 587 3162; x_wconf 85' lang='lat' dir='ltr'><strong>tantum</strong></span> <span class='ocrx_word' id='word_1_180' title='bbox 613 3095 740 3175; x_wconf 87' lang='lat' dir='ltr'><strong>doceas,</strong></span> <span class='ocrx_word' id='word_1_181' title='bbox 765 3115 829 3180; x_wconf 91' lang='lat' dir='ltr'><strong>quo</strong></span> <span class='ocrx_word' id='word_1_182' title='bbox 852 3093 913 3159; x_wconf 88' lang='lat' dir='ltr'><strong>tibi</strong></span> <span class='ocrx_word' id='word_1_183' title='bbox 935 3114 1049 3158; x_wconf 89' lang='lat' dir='ltr'><strong>rursus</strong></span> <span class='ocrx_word' id='word_1_184' title='bbox 1072 3091 1170 3159; x_wconf 90' lang='lat' dir='ltr'><strong>modo</strong></span> <span class='ocrx_word' id='word_1_185' title='bbox 1191 3109 1252 3175; x_wconf 89' lang='lat' dir='ltr'><strong>pro·</strong></span> 
     </span>
     <span class='ocr_line' id='line_1_25' title="bbox 96 3195 337 3282; baseline 0.008 -20"><span class='ocrx_word' id='word_1_186' title='bbox 96 3195 191 3263; x_wconf 88' lang='lat' dir='ltr'><strong>desse</strong></span> <span class='ocrx_word' id='word_1_187' title='bbox 213 3205 337 3282; x_wconf 87' lang='lat' dir='ltr'><strong>potero.</strong></span> 
     </span>
    </p>

    <p class='ocr_par' dir='ltr' id='par_1_7' title="bbox 95 3301 1253 3690">
     <span class='ocr_line' id='line_1_26' title="bbox 186 3301 1253 3390; baseline -0.002 -22"><span class='ocrx_word' id='word_1_188' title='bbox 186 3303 296 3369; x_wconf 81' lang='lat' dir='ltr'><strong>Danlrt</strong></span> <span class='ocrx_word' id='word_1_189' title='bbox 311 3304 415 3384; x_wconf 82' lang='lat' dir='ltr'><strong>dafdr,</strong></span> <span class='ocrx_word' id='word_1_190' title='bbox 441 3305 517 3372; x_wconf 86' lang='lat' dir='ltr'><strong>dass</strong></span> <span class='ocrx_word' id='word_1_191' title='bbox 533 3306 663 3372; x_wconf 87' lang='lat' dir='ltr'><strong>Galatiu</strong></span> <span class='ocrx_word' id='word_1_192' title='bbox 679 3305 774 3373; x_wconf 90' lang='lat' dir='ltr'><strong>sechs</strong></span> <span class='ocrx_word' id='word_1_193' title='bbox 790 3304 913 3373; x_wconf 79' lang='lat' dir='ltr'><strong>blicher</strong></span> <span class='ocrx_word' id='word_1_194' title='bbox 928 3325 1029 3390; x_wconf 86' lang='lat' dir='ltr'><strong>gegen</strong></span> <span class='ocrx_word' id='word_1_195' title='bbox 1046 3301 1253 3370; x_wconf 84' lang='lat' dir='ltr'><strong>Hochstratan</strong></span> 
     </span>
     <span class='ocr_line' id='line_1_27' title="bbox 96 3405 1253 3493; baseline -0.004 -18"><span class='ocrx_word' id='word_1_196' title='bbox 96 3408 305 3493; x_wconf 84' lang='lat' dir='ltr'><strong>geschrieben</strong></span> <span class='ocrx_word' id='word_1_197' title='bbox 330 3409 444 3477; x_wconf 82' lang='lat' dir='ltr'><strong>habe⁴</strong></span> <span class='ocrx_word' id='word_1_198' title='bbox 468 3412 532 3477; x_wconf 90' lang='lat' dir='ltr'><strong>und</strong></span> <span class='ocrx_word' id='word_1_199' title='bbox 557 3411 656 3479; x_wconf 87' lang='lat' dir='ltr'><strong>bittet</strong></span> <span class='ocrx_word' id='word_1_200' title='bbox 679 3412 744 3492; x_wconf 90' lang='lat' dir='ltr'><strong>ibn,</strong></span> <span class='ocrx_word' id='word_1_201' title='bbox 768 3413 836 3478; x_wconf 91' lang='lat' dir='ltr'><strong>sein</strong></span> <span class='ocrx_word' id='word_1_202' title='bbox 860 3410 946 3477; x_wconf 73' lang='lat' dir='ltr'><strong>nerle</strong></span> <span class='ocrx_word' id='word_1_203' title='bbox 970 3410 1011 3476; x_wconf 89' lang='lat' dir='ltr'><strong>de</strong></span> <span class='ocrx_word' id='word_1_204' title='bbox 1028 3410 1159 3476; x_wconf 88' lang='lat' dir='ltr'><strong>arcanis</strong></span> <span class='ocrx_word' id='word_1_205' title='bbox 1182 3405 1253 3474; x_wconf 85' lang='lat' dir='ltr'><strong>ancl</strong></span> 
     </span>
     <span class='ocr_line' id='line_1_28' title="bbox 95 3511 1252 3602; baseline -0.004 -20"><span class='ocrx_word' id='word_1_206' title='bbox 95 3516 178 3583; x_wconf 86' lang='lat' dir='ltr'><strong>nach</strong></span> <span class='ocrx_word' id='word_1_207' title='bbox 202 3517 381 3583; x_wconf 86' lang='lat' dir='ltr'><strong>deutschen</strong></span> <span class='ocrx_word' id='word_1_208' title='bbox 403 3517 551 3584; x_wconf 76' lang='lat' dir='ltr'><strong>mbrlrten</strong></span> <span class='ocrx_word' id='word_1_209' title='bbox 577 3518 733 3602; x_wconf 86' lang='lat' dir='ltr'><strong>gelangen</strong></span> <span class='ocrx_word' id='word_1_210' title='bbox 757 3540 795 3583; x_wconf 85' lang='lat' dir='ltr'><strong>zu</strong></span> <span class='ocrx_word' id='word_1_211' title='bbox 820 3517 936 3583; x_wconf 87' lang='lat' dir='ltr'><strong>lassen.</strong></span> <span class='ocrx_word' id='word_1_212' title='bbox 961 3515 1160 3600; x_wconf 82' lang='lat' dir='ltr'><strong>Stutgardiae</strong></span> <span class='ocrx_word' id='word_1_213' title='bbox 1182 3511 1252 3601; x_wconf 86' lang='lat' dir='ltr'><strong>prid</strong></span> 
     </span>
     <span class='ocr_line' id='line_1_29' title="bbox 99 3619 432 3690; baseline 0.009 -4"><span class='ocrx_word' id='word_1_214' title='bbox 99 3619 140 3686; x_wconf 91' lang='lat' dir='ltr'><strong>id.</strong></span> <span class='ocrx_word' id='word_1_215' title='bbox 164 3622 258 3688; x_wconf 88' lang='lat' dir='ltr'><strong>Febr.</strong></span> <span class='ocrx_word' id='word_1_216' title='bbox 282 3645 310 3688; x_wconf 90' lang='lat' dir='ltr'><strong>a.</strong></span> <span class='ocrx_word' id='word_1_217' title='bbox 338 3628 432 3690; x_wconf 79' lang='lat'><strong>1519.</strong></span> 
     </span>
    </p>
   </div>
   <div class='ocr_carea' id='block_1_7' title="bbox 94 3745 1253 4020">
    <p class='ocr_par' dir='ltr' id='par_1_8' title="bbox 94 3745 1253 4020">
     <span class='ocr_line' id='line_1_30' title="bbox 183 3745 1253 3824; baseline 0.008 -18"><span class='ocrx_word' id='word_1_218' title='bbox 183 3747 346 3809; x_wconf 86' lang='lat' dir='ltr'><strong>Handschr.</strong></span> <span class='ocrx_word' id='word_1_219' title='bbox 364 3767 406 3805; x_wconf 88' lang='lat'><em>=</em></span> <span class='ocrx_word' id='word_1_220' title='bbox 422 3747 499 3809; x_wconf 89' lang='lat' dir='ltr'><strong>Berl.</strong></span> <span class='ocrx_word' id='word_1_221' title='bbox 532 3766 626 3822; x_wconf 69' lang='lat' dir='ltr'><strong>mser,</strong></span> <span class='ocrx_word' id='word_1_222' title='bbox 660 3748 708 3810; x_wconf 89' lang='lat' dir='ltr'><strong>fol.</strong></span> <span class='ocrx_word' id='word_1_223' title='bbox 742 3751 798 3821; x_wconf 77' lang='lat'><strong>37;</strong></span> <span class='ocrx_word' id='word_1_224' title='bbox 828 3748 981 3824; x_wconf 79' lang='lat' dir='ltr'><strong>gedruclrt:</strong></span> <span class='ocrx_word' id='word_1_225' title='bbox 999 3769 1043 3802; x_wconf 91' lang='lat'>=</span> <span class='ocrx_word' id='word_1_226' title='bbox 1058 3745 1253 3814; x_wconf 72' lang='lat' dir='ltr'><strong>Friedliiudcr·</strong></span> 
     </span>
     <span class='ocr_line' id='line_1_31' title="bbox 94 3852 340 3928; baseline 0 -14"><span class='ocrx_word' id='word_1_227' title='bbox 94 3852 225 3928; x_wconf 74' lang='lat' dir='ltr'><strong>beinrgs</strong></span> <span class='ocrx_word' id='word_1_228' title='bbox 247 3869 270 3912; x_wconf 89' lang='lat' dir='ltr'><strong>s.</strong></span> <span class='ocrx_word' id='word_1_229' title='bbox 288 3853 340 3914; x_wconf 83' lang='grc'><strong>87.</strong></span> 
     </span>
     <span class='ocr_line' id='line_1_32' title="bbox 670 3981 687 4020; baseline 0 0"><span class='ocrx_word' id='word_1_230' title='bbox 670 3981 687 4020; x_wconf 73' lang='lat' dir='ltr'><strong>e</strong></span> 
     </span>
    </p>
   </div>
   <div class='ocr_carea' id='block_1_8' title="bbox 96 4109 1256 4278">
    <p class='ocr_par' dir='ltr' id='par_1_9' title="bbox 96 4109 1256 4278">
     <span class='ocr_line' id='line_1_33' title="bbox 171 4109 1255 4172; baseline -0.001 -14"><span class='ocrx_word' id='word_1_231' title='bbox 171 4114 179 4158; x_wconf 99' lang='grc'><strong>1</strong></span> <span class='ocrx_word' id='word_1_232' title='bbox 206 4113 236 4160; x_wconf 80' lang='lat'><strong>12</strong></span> <span class='ocrx_word' id='word_1_233' title='bbox 256 4110 316 4162; x_wconf 82' lang='lat' dir='ltr'><strong>den.</strong></span> <span class='ocrx_word' id='word_1_234' title='bbox 340 4110 415 4162; x_wconf 76' lang='grc'><strong>1619.</strong></span> <span class='ocrx_word' id='word_1_235' title='bbox 489 4111 569 4163; x_wconf 79' lang='grc' dir='ltr'><strong>11ο11</strong></span> <span class='ocrx_word' id='word_1_236' title='bbox 589 4111 669 4164; x_wconf 79' lang='lat' dir='ltr'><strong>thella</strong></span> <span class='ocrx_word' id='word_1_237' title='bbox 687 4110 760 4164; x_wconf 81' lang='lat' dir='ltr'><strong>diere</strong></span> <span class='ocrx_word' id='word_1_238' title='bbox 779 4110 855 4163; x_wconf 80' lang='lat' dir='ltr'><strong>stelle</strong></span> <span class='ocrx_word' id='word_1_239' title='bbox 874 4111 909 4162; x_wconf 84' lang='lat' dir='ltr'><strong>im</strong></span> <span class='ocrx_word' id='word_1_240' title='bbox 930 4109 1052 4161; x_wconf 82' lang='lat' dir='ltr'><strong>wortleut</strong></span> <span class='ocrx_word' id='word_1_241' title='bbox 1070 4111 1132 4172; x_wconf 89' lang='lat' dir='ltr'><strong>mit,</strong></span> <span class='ocrx_word' id='word_1_242' title='bbox 1159 4125 1202 4162; x_wconf 83' lang='lat' dir='ltr'><strong>um</strong></span> <span class='ocrx_word' id='word_1_243' title='bbox 1219 4124 1255 4158; x_wconf 83' lang='lat' dir='ltr'><strong>rn-</strong></span> 
     </span>
     <span class='ocr_line' id='line_1_34' title="bbox 96 4195 1256 4278; baseline 0 -32"><span class='ocrx_word' id='word_1_244' title='bbox 96 4195 173 4247; x_wconf 87' lang='lat' dir='ltr'><strong>deren</strong></span> <span class='ocrx_word' id='word_1_245' title='bbox 193 4199 359 4265; x_wconf 80' lang='lat' dir='ltr'><strong>golegrnlrelt</strong></span> <span class='ocrx_word' id='word_1_246' title='bbox 385 4214 416 4250; x_wconf 82' lang='lat' dir='ltr'><strong>sn</strong></span> <span class='ocrx_word' id='word_1_247' title='bbox 435 4199 530 4266; x_wconf 84' lang='lat' dir='ltr'><strong>geben,</strong></span> <span class='ocrx_word' id='word_1_248' title='bbox 549 4200 592 4251; x_wconf 86' lang='lat' dir='ltr'><strong>die</strong></span> <span class='ocrx_word' id='word_1_249' title='bbox 616 4201 673 4251; x_wconf 84' lang='lat' dir='ltr'><strong>bier</strong></span> <span class='ocrx_word' id='word_1_250' title='bbox 691 4200 882 4267; x_wconf 78' lang='lat' dir='ltr'><strong>angedcuteten</strong></span> <span class='ocrx_word' id='word_1_251' title='bbox 903 4198 1160 4278; x_wconf 37' lang='lat' dir='ltr'><strong>tbatsncbsnorecbt</strong></span> <span class='ocrx_word' id='word_1_252' title='bbox 1177 4213 1207 4249; x_wconf 79' lang='lat' dir='ltr'><strong>ro</strong></span> <span class='ocrx_word' id='word_1_253' title='bbox 1224 4211 1256 4247; x_wconf 83' lang='lat' dir='ltr'><strong>sr-</strong></span> 
     </span>
    </p>
   </div>
   <div class='ocr_carea' id='block_1_9' title="bbox 94 4285 1255 4444">
    <p class='ocr_par' dir='ltr' id='par_1_10' title="bbox 94 4285 1255 4444">
     <span class='ocr_line' id='line_1_35' title="bbox 94 4285 1255 4356; baseline 0 -21"><span class='ocrx_word' id='word_1_254' title='bbox 94 4286 210 4353; x_wconf 73' lang='lat' dir='ltr'><strong>ltutern3</strong></span> <span class='ocrx_word' id='word_1_255' title='bbox 240 4288 287 4336; x_wconf 81' lang='lat' dir='ltr'><strong>mir</strong></span> <span class='ocrx_word' id='word_1_256' title='bbox 314 4289 348 4336; x_wconf 85' lang='lat' dir='ltr'><strong>ist</strong></span> <span class='ocrx_word' id='word_1_257' title='bbox 375 4304 403 4337; x_wconf 84' lang='lat' dir='ltr'><strong>es</strong></span> <span class='ocrx_word' id='word_1_258' title='bbox 423 4288 505 4338; x_wconf 88' lang='lat' dir='ltr'><strong>leider</strong></span> <span class='ocrx_word' id='word_1_259' title='bbox 524 4289 597 4338; x_wconf 85' lang='lat' dir='ltr'><strong>nicht</strong></span> <span class='ocrx_word' id='word_1_260' title='bbox 615 4290 757 4356; x_wconf 83' lang='lat' dir='ltr'><strong>galungen.</strong></span> <span class='ocrx_word' id='word_1_261' title='bbox 832 4287 1005 4341; x_wconf 69' lang='lat' dir='ltr'><strong>coeterum</strong></span> <span class='ocrx_word' id='word_1_262' title='bbox 1027 4287 1140 4356; x_wconf 78' lang='lat' dir='ltr'><strong>Sprena,</strong></span> <span class='ocrx_word' id='word_1_263' title='bbox 1159 4305 1180 4338; x_wconf 83' lang='lat' dir='ltr'><strong>r.</strong></span> <span class='ocrx_word' id='word_1_264' title='bbox 1198 4285 1255 4339; x_wconf 80' lang='lat' dir='ltr'><strong>oben</strong></span> 
     </span>
     <span class='ocr_line' id='line_1_36' title="bbox 94 4373 735 4444; baseline 0.011 -21"><span class='ocrx_word' id='word_1_265' title='bbox 94 4388 150 4425; x_wconf 87' lang='lat' dir='ltr'><strong>nro.</strong></span> <span class='ocrx_word' id='word_1_266' title='bbox 168 4373 242 4425; x_wconf 70' lang='lat' dir='ltr'><strong>CLX.</strong></span> <span class='ocrx_word' id='word_1_267' title='bbox 317 4380 331 4424; x_wconf 80' lang='lat' dir='ltr'><strong>l</strong></span> <span class='ocrx_word' id='word_1_268' title='bbox 353 4375 411 4443; x_wconf 80' lang='lat' dir='ltr'><strong>Vgl.</strong></span> <span class='ocrx_word' id='word_1_269' title='bbox 432 4376 481 4426; x_wconf 87' lang='lat' dir='ltr'><strong>den</strong></span> <span class='ocrx_word' id='word_1_270' title='bbox 502 4375 642 4444; x_wconf 82' lang='lat' dir='ltr'><strong>folgenden</strong></span> <span class='ocrx_word' id='word_1_271' title='bbox 660 4377 735 4431; x_wconf 83' lang='lat' dir='ltr'><strong>brief.</strong></span> 
     </span>
    </p>
   </div>
   <div class='ocr_carea' id='block_1_10' title="bbox 0 0 1362 4898">
    <p class='ocr_par' dir='ltr' id='par_1_11' title="bbox 0 0 1362 4898">
     <span class='ocr_line' id='line_1_37' title="bbox 0 0 1362 4898; baseline 0 0"><span class='ocrx_word' id='word_1_272' title='bbox 0 0 1362 4898; x_wconf 95' lang='lat' dir='ltr'><strong> </strong></span> 
     </span>
    </p>
   </div>
  </div>
 </body>
</html>
