2716 4898
644 269 703 336 121

88 461 121 527 in
147 460 318 545 procinctu
342 461 528 547 scripsimus
550 465 583 527 et
599 459 730 546 quidem
746 460 995 545 occupatissimi.
1025 459 1109 527 Nam
1125 459 1259 526 Romam

90 567 268 633 avolamus.
316 566 408 646 Quod
448 567 567 633 attinet
600 568 644 633 ad
680 567 854 632 editionem
893 588 1027 651 operum
1063 567 1260 651 Hieronymi,

91 679 221 739 tantum
250 673 346 738 abest
373 679 410 739 ut
438 673 489 737 vel
520 673 622 757 pilum
644 679 776 738 tuorum
799 671 947 738 laborum
970 678 1028 738 aut
1050 672 1160 756 gloriae
1182 671 1261 737 mihi

93 779 190 845 velim
222 779 402 859 vindicare,
428 784 467 844 ut
497 779 592 844 citius
615 778 740 864 aliquid
770 777 809 843 de
833 798 884 843 me
906 777 940 842 in
963 784 995 842 te
1018 776 1260 843 transfuderim.

93 885 174 952 Cum
200 906 274 950 eum
298 884 444 950 laborem
468 886 674 969 susciperem,
698 883 887 967 ignorabam
903 889 936 949 te
951 885 984 948 iu
1001 883 1114 948 eodem
1129 883 1260 948 versari.

93 992 285 1074 Quanquam
308 1012 371 1056 non
394 992 519 1074 agimus
541 990 636 1055 idem.
683 991 730 1055 De
746 988 916 1055 Hebraicis
931 987 1034 1054 literis
1051 988 1130 1054 nihil
1144 1008 1260 1071 arrogo

94 1096 174 1162 mihi
207 1117 289 1181 quas
320 1096 516 1180 primoribus
556 1096 717 1161 duntaxat
750 1095 877 1179 gustavi
910 1093 1021 1160 labris.
1066 1095 1103 1158 In
1138 1115 1263 1160 summa

94 1202 230 1268 dabitur
259 1218 318 1267 sua
348 1203 465 1286 cuique
493 1202 564 1268 laus
593 1202 692 1286 idque
721 1199 958 1266 candidissime.
1005 1201 1092 1265 Bene
1120 1200 1200 1279 vale,
1229 1204 1263 1264 et

92 1310 267 1389 Erasmum
289 1310 321 1373 in
346 1330 459 1374 eorum
482 1307 660 1374 adscribito
684 1328 862 1387 numerum,
886 1307 942 1391 qui
967 1313 1023 1372 tuo
1044 1306 1164 1372 nomini
1187 1326 1262 1371 vere

92 1422 192 1481 etex
217 1415 325 1480 animo
348 1413 466 1479 faveat.
513 1412 585 1478 Kal.
609 1413 745 1478 Martias
763 1413 783 1477 ¹.

184 1525 337 1585 Gedrnekt
353 1547 395 1579 ::
411 1525 439 1586 J.
456 1541 484 1585 v.
501 1540 526 1585 e.
544 1518 669 1583 511101).

621 1732 731 1798 CXIV.

164 1840 316 1905 Tiibiugcn.
1004 1837 1036 1886 26
1056 1835 1129 1884 Maru
1151 1834 1228 1884 1510.

92 1947 228 2019 Demm
246 1969 411 2018 arsamen
429 1942 620 2017 redlichen
633 1940 738 2016 unnd
752 1941 964 2038 uffreehten,
986 1939 1124 2015 minem
1138 1936 1263 2014 lieben

92 2067 199 2142 unnd
218 2080 346 2167 gutten
365 2067 489 2164 friind,
510 2065 850 2140 maisterHannsen
859 2063 1111 2139 Ammerbach
1128 2061 1264 2162 burgen

93 2221 140 2266 zu
158 2190 270 2266 Basel
290 2189 393 2264 unnd
415 2189 661 2265 buchtruclrer
681 2189 860 2292 [loannes
877 2185 1076 2290 Reuohlin]
1096 2186 1133 2262 S.
1154 2186 1198 2261 D.
1220 2186 1261 2260 P.

187 2355 292 2434 Quam
314 2355 452 2419 maxime
476 2373 628 2437 euperem
650 2351 1116 2438 1111515115.Η15151111512
1138 2371 1262 2417 morem

95 2468 161 2528 tuae
186 2460 198 2498 ³
222 2482 336 2544 gerere
359 2461 519 2526 voluntati
542 2467 576 2526 et
598 2460 738 2526 fortasse
766 2480 895 2544 possem
918 2457 1062 2542 quidem,
1091 2457 1120 2522 si
1141 2461 1264 2521 temere

96 2568 214 2633 vellem
237 2573 354 2632 cuncta
377 2567 446 2631 niti.
494 2567 553 2632 Est
576 2587 651 2632 vero
675 2565 812 2631 arduum
842 2571 876 2629 et
903 2563 1029 2629 difficile
1057 2562 1166 2641 nimis,
1190 2561 1266 2625 Hie·

96 2695 286 2758 ronymum,
318 2679 356 2737 ut
379 2672 491 2752 decet,
523 2677 711 2738 restaurare
735 2692 773 2736 ao
795 2670 861 2736 luci
884 2669 1038 2748 reddere,
1069 2667 1175 2733 virum
1196 2671 1265 2730 tam

97 2801 137 2844 ex
161 2779 259 2843 variis
281 2778 400 2862 linguis
423 2785 523 2862 atque
545 2777 637 2842 libris
661 2780 851 2842 ornamenta
874 2796 933 2841 sua
956 2779 1101 2854 nactum,
1130 2793 1266 2858 praescr·
1319 2791 1321 2796 ·

98 2886 156 2949 tim
180 2885 303 2950 homiui
326 2884 376 2948 vel
400 2905 511 2950 eorum
534 2884 690 2950 nescienti
713 2882 763 2947 vel
787 2881 973 2948 eorumdem
997 2879 1112 2964 egenti.
1150 2879 1266 2958 Quam·

98 3012 197 3076 quam
223 2990 308 3056 enim
323 2990 428 3056 habeo
444 2989 546 3055 libros
569 3011 667 3073 quam
683 2987 838 3073 plurimos
853 2988 887 3052 in
903 3008 1029 3053 omnem
1046 2986 1140 3071 quasi
1154 2984 1266 3052 Protei

679 3143 696 3182 *

172 3241 183 3285 1
206 3235 252 3285 155
281 3235 350 3286 habe
374 3233 424 3284 den
449 3234 521 3285 brief
543 3235 584 3283 ins
604 3232 668 3296 jahn
690 3234 756 3283 1510
775 3236 890 3297 gesetzt,
915 3245 1007 3296 vvegen
1033 3228 1079 3280 der
1104 3228 1267 3279 1151151551

100 3325 286 3389 Hieronymus.
329 3323 388 3388 Vgl.
415 3323 457 3373 die
485 3322 671 3388 sufforderung
697 3320 742 3371 des
766 3319 830 3369 doh.
857 3317 1007 3369 Amorbaeh
1032 3334 1065 3369 an
1090 3320 1119 3368 R.
1145 3322 1180 3367 2⁷
1201 3318 1266 3368 duni

101 3415 167 3463 1509
193 3429 227 3463 an
249 3412 387 3462 dcrselben
413 3410 633 3462 theilzunehmeu.
672 3409 787 3460 Freilieh
809 3408 868 3458 sind
892 3406 1011 3459 dadurcb
1034 3407 1076 3456 die
1100 3405 1267 3471 chronologi·

98 3502 181 3552 seben
204 3500 437 3565 schwierigkciten
462 3500 535 3549 nicht
560 3498 688 3565 gehobeu.
730 3498 853 3547 Erasmus
879 3493 1062 3546 freundsebal't
1086 3496 1134 3544 mit
1158 3494 1267 3544 Fischer

99 3590 210 3656 beginnt
232 3591 299 3640 1506
320 3589 494 3652 (Drummond
513 3589 533 3650 Ι,
557 3589 614 3648 140,
638 3588 705 3650 150),
730 3586 756 3634 iu
781 3600 901 3634 unserem
919 3585 991 3634 51151
1010 3583 1142 3634 erscbeint
1165 3583 1204 3634 sic
1222 3583 1268 3634 bc-

97 3679 161 3727 rcits
182 3677 222 3726 uls
242 3676 303 3727 sehr
322 3678 384 3745 scs13
411 3677 528 3744 dagegen
548 3676 582 3725 ist
602 3675 657 3725 1115
675 3671 841 3724 italieuiscbe
859 3674 927 3724 reise
949 3673 1015 3724 1506
1035 3671 1187 3739 hegennen,
1210 3673 1267 3722 scin

99 3765 247 3817 ausentlralt
265 3766 293 3814 iu
313 3765 377 3815 Rom
401 3767 476 3827 1500,
498 3763 552 3813 und
570 3764 660 3815 beides
680 3765 783 3814 seheint
806 3765 831 3813 in
852 3779 972 3813 unserem
991 3762 1076 3813 brielc
1099 3762 1140 3812 als
1161 3762 1268 3826 lrv'infrig

98 3854 250 3906 betraehtct
276 3871 307 3904 au
334 3853 445 3920 werden.
484 3853 534 3902 Die
557 3852 709 3918 andeutung
737 3853 782 3902 der
802 3850 1101 3918 Hieronymusausgabe
1126 3851 1193 3900 111551
1218 3866 1268 3899 uns

97 3944 172 3994 111551
192 3941 274 3992 hohen·
294 3941 388 3990 hinnul
404 3942 443 3992 als
466 3945 545 4004 15093
568 3942 615 3991 dus
635 3941 722 3992 sehlen
738 3939 1268 4006 151515511511155311551(1511115555-

98 4032 221 4082 linscbeu
248 4031 323 4080 streit
346 4031 420 4081 115111
444 4030 520 4080 115151
543 4030 626 4080 hinab
652 4030 691 4080 als
713 4032 779 4080 1510
804 4029 882 4096 gebu.
921 4031 974 4079 Der
992 4027 1074 4089 brios,
1100 4027 1197 4076 ebenso
1219 4027 1267 4074 wie

98 4119 144 4170 der
165 4119 304 4181 Fischers,
323 4135 370 4170 aus
390 4119 447 4168 dem
467 4119 561 4169 stiieke
581 4118 743 4182 mitgstheilt
760 4119 832 4177 sind,
853 4116 920 4167 fehlt
938 4117 1064 4182 iibrigens
1083 4116 1110 4164 in
1130 4114 1200 4163 allen
1219 4114 1268 4164 mir

97 4208 254 4259 bekannten
281 4208 415 4274 ausgaben
447 4207 492 4258 der
516 4207 702 4258 Erasmisehen
729 4205 957 4271 brielsammluug.
1049 4207 1063 4252 1
1089 4202 1150 4268 Vgl.
1178 4205 1268 4252 Amer-

98 4297 183 4348 bacbs
202 4296 275 4347 brief
291 4297 499 4357 1111111101
518 4296 587 4347 doch
607 4295 694 4345 1551511
715 4295 787 4346 wohl
805 4294 936 4345 zvviseheu
956 4293 1054 4342 diesem
1074 4291 1128 4343 und
1147 4307 1267 4342 unserom

98 4385 169 4442 brief
186 4385 277 4452 einige
294 4385 397 4438 stricke.
454 4388 468 4439 3
487 4384 549 4456 tus]
568 4390 631 4437 11111
649 4385 741 4436 dassen
758 4384 830 4436 hatte
848 4385 878 4436 R.
897 4389 950 4434 erst
968 4381 1154 4450 geschriebeu:
1173 4388 1267 4434 vestre.
