2716 4898
568 258 701 322 ’16

180 451 282 535 Igitur
306 450 398 515 nobis
423 449 525 515 statui
549 448 592 514 ad
616 471 716 515 novae
743 450 875 514 tandem
899 449 992 533 Legis
1014 450 1176 516 salutares
1193 455 1262 515 tan-

94 578 190 640 quam
221 557 264 621 ad
295 555 419 640 asylum
452 555 586 641 aliquod
618 555 687 621 fore
723 555 969 638 confugiendum
1002 562 1035 621 et
1066 554 1262 640 posthabitis

94 662 196 727 omnis
219 663 346 745 generis
370 661 583 745 scriptoribus
610 661 781 739 historicis,
804 662 950 745 poeticis,
974 662 1136 740 oratoriis,
1160 661 1262 744 philo-

94 768 234 851 sophicis
258 776 357 852 atque
379 767 578 852 propheticis
602 767 681 831 nihil
706 768 857 852 estquod
881 768 990 832 malim
1007 769 1147 833 omnium
1165 789 1261 851 qnam

69 873 213 938 ·homini
237 874 453 938 Christianam
483 872 684 956 disciplinam
713 874 859 956 professo
883 873 917 936 id
944 877 1047 939 solum
1078 874 1263 938 litterarum

71 1001 193 1063 ¹genus
225 979 474 1064 praeponendum
505 979 592 1063 quod
624 979 744 1044 Christi
775 986 953 1045 sectatores
977 981 1122 1063 primarii
1148 979 1265 1064 spiritu

93 1091 206 1151 sancto
239 1084 385 1168 instigati
409 1085 656 1168 conscripsere.v
688 1085 791 1149 Aliter
815 1085 911 1150 cedat
945 1088 1047 1151 omnis
1079 1086 1140 1150 lex.
1188 1085 1264 1151 Sola
1293 1106 1294 1109 ¹

92 1191 185 1256 nobis
200 1191 309 1256 vivant
325 1197 359 1256 et
374 1191 504 1274 vigeant
519 1191 749 1274 Apostolorum
774 1190 935 1256 volumina
959 1213 1042 1276 quae
1066 1191 1163 1257 fidem
1180 1191 1265 1256 ordi-

93 1304 174 1361 nant
196 1297 323 1361 dicente
347 1296 389 1361 ad
414 1296 549 1362 Galatas
573 1296 690 1361 Paulo:
731 1298 797 1362 Nos
817 1299 827 1335 ¹
851 1298 883 1360 in
908 1297 1036 1362 Christo
1061 1297 1139 1362 Jesu
1164 1298 1265 1362 credi-

93 1425 164 1469 mus
188 1409 224 1468 nt
241 1401 456 1487 justificemur
483 1424 523 1467 ex
546 1400 608 1466 fide
634 1402 754 1467 Christi
778 1409 811 1468 et
834 1425 897 1467 non
921 1425 961 1468 ex
985 1404 1137 1488 operibus
1160 1405 1263 1488 Legis.

93 1511 136 1576 Et
159 1529 288 1575 rursus:
312 1509 379 1593 Ego
404 1509 417 1546 2
441 1510 525 1574 enim
549 1530 607 1592 per
630 1510 749 1592 Legem
772 1509 836 1592 legi
852 1516 999 1575 mortuus
1023 1531 1102 1574 sum.

182 1615 266 1693 Quid
289 1617 388 1699 ergo?
418 1637 525 1681 annon
549 1615 655 1680 credis
677 1636 727 1679 me
758 1615 890 1681 tandem
921 1623 995 1699 post
1018 1616 1205 1680 innumeras
1229 1617 1264 1679 R.

94 1721 127 1786 P.
151 1743 246 1786 curas
271 1728 303 1786 et
331 1721 424 1786 istius
455 1742 666 1786 aerumnosae
697 1727 806 1786 terrae
831 1721 1066 1787 sollicitudines
1089 1723 1161 1805 ipsa
1184 1722 1264 1786 haec

93 1829 199 1893 acrius
228 1828 392 1911 pensitare
410 1849 503 1910 posse
528 1849 623 1911 qnam
645 1826 750 1891 solent
766 1827 958 1912 quandoque
975 1829 1028 1911 qui
1054 1828 1263 1911 religionibus

93 1939 245 2018 praesunt.
293 1933 372 1996 Mihi
402 1933 500 1997 etiam
530 1934 562 1996 in
589 1932 740 1997 secundis
770 1934 937 2016 seponitur
965 1934 1176 2017 imperatoria
1204 1934 1264 2012 lex,

94 2038 226 2103 tametsi
237 2039 430 2122 jamdudum
447 2039 478 2101 in
496 2060 535 2102 ea
558 2038 724 2122 palaestra
740 2039 937 2122 triumphavi
954 2040 1041 2104 haud
1057 2041 1263 2123 negligenter,

94 2144 151 2210 sed
176 2144 255 2208 heus
279 2151 314 2208 tu
339 2144 469 2208 tandem
494 2165 607 2227 sapere
632 2144 807 2229 aliquando
831 2147 864 2208 in
885 2153 1029 2230 tempore
1046 2147 1190 2212 nonnihil
1207 2152 1264 2211 est.

99 2251 188 2315 Haec
205 2250 291 2319 volui
307 2249 433 2316 nescius
450 2272 489 2314 ne
506 2271 593 2315 esses
609 2250 695 2334 quod
712 2257 744 2315 et
760 2252 860 2334 magis
875 2252 1010 2334 probem
1027 2258 1060 2317 et
1075 2253 1177 2336 pluris
1193 2274 1268 2337 pen-

93 2355 169 2421 dam
193 2378 290 2441 quam
314 2356 542 2440 Apostolorum
566 2356 689 2439 scripta
712 2357 848 2422 inveniri
865 2365 923 2422 aut
940 2380 1010 2424 esse
1027 2360 1156 2424 omnino
1176 2359 1265 2422 nil··''.

93 2461 130 2527 Id
154 2468 191 2528 tu
214 2483 339 2528 mecum
363 2463 431 2546 ipse
455 2463 555 2528 sentis
579 2465 668 2528 certe
693 2463 759 2528 scio
783 2463 830 2529 ita
854 2463 1049 2529 faciundum.

183 2566 265 2634 Vide
289 2590 410 2652 quaeso
434 2569 533 2653 igitur
557 2591 595 2634 ea
611 2590 682 2654 qnae
698 2576 833 2635 restant.
874 2571 950 2653 Ego,
974 2571 1019 2634 mi
1038 2570 1171 2649 Jacobe‚
1196 2591 1267 2635 mea

94 2673 268 2759 plurimum
292 2697 420 2760 semper
443 2676 600 2741 interesse
624 2675 636 2715 ³
660 2675 772 2759 putavi
800 2697 910 2742 sacras
933 2676 1054 2742 habere
1077 2676 1206 2741 litteras
1231 2698 1266 2740 eo

94 2782 284 2846 charactere
309 2803 372 2866 quo
396 2782 536 2865 primum
560 2782 711 2846 divinitus
735 2783 932 2866 compositae
957 2788 1138 2847 censentur.
1184 2782 1266 2860 Qua·

94 2893 228 2971 propter
251 2886 338 2952 haud
363 2886 404 2952 ab
428 2909 463 2952 re
488 2887 560 2952 divo
584 2888 784 2971 Hieronymo
808 2895 922 2953 autore
946 2889 979 2952 in
994 2893 1132 2971 utroque
1150 2909 1265 2971 genere

93 2993 276 3077 linguarum
299 2992 440 3058 libenter
462 2993 643 3077 jandudum
668 2993 873 3059 exercitabar
897 3001 1056 3078 teneoque
1073 2995 1192 3059 veteris
1210 2995 1266 3058 Le·

93 3100 141 3183 gis
164 3099 389 3164 Hebraeorum
413 3097 513 3164 libros
537 3098 773 3183 aliquantulum
797 3099 902 3165 habeo
928 3106 961 3164 et
984 3101 1128 3166 nonnihil
1148 3101 1265 3165 instru-

94 3205 195 3269 menti
217 3205 299 3269 novi.
346 3204 411 3270 Sed
433 3203 607 3270 admodum
631 3205 774 3271 delectat
799 3205 974 3290 Apostolos
998 3207 1095 3271 etiam
1114 3228 1172 3271 suo
1190 3205 1266 3271 scri-

93 3309 192 3376 bendi
214 3332 304 3376 more
328 3310 438 3390 fretos,
462 3310 522 3375 hoo
548 3316 597 3376 est
622 3311 764 3391 Graecos,
787 3312 964 3396 perlegere.
1002 3311 1083 3376 Nam
1101 3312 1141 3377 de
1163 3318 1266 3376 trans-

93 3415 171 3500 fuga
194 3438 258 3482 non
289 3416 370 3482 adeo
401 3415 518 3500 placet.
566 3416 632 3481 Sua
664 3416 837 3502 cujuslibet
867 3417 974 3500 operis
1002 3417 1111 3500 lingna
1143 3418 1267 3482 dulcior

94 3528 145 3587 est
179 3530 212 3588 et
244 3544 261 3588 e
293 3521 379 3588 dolio
411 3522 540 3606 saepius
574 3522 726 3588 derivata
759 3522 832 3586 vina
864 3523 1035 3607 majestate
1070 3524 1265 3588 minuuntur.

93 3626 197 3695 Valde
220 3627 281 3693 hoe
304 3635 337 3692 te
361 3629 532 3693 certiorem
557 3626 627 3692 fieri
644 3629 738 3712 cupio
764 3627 850 3712 quod
874 3635 907 3693 et
931 3649 1029 3693 cansa
1053 3634 1104 3694 est
1127 3636 1161 3693 et
1176 3628 1266 3692 nervi

92 3733 156 3819 ipsi
186 3734 343 3799 universa
374 3734 470 3818 hujus
495 3734 651 3800 orationis
679 3755 759 3798 meae
790 3754 985 3819 quamquam
1017 3755 1130 3799 vereor
1160 3756 1199 3799 ne
1231 3742 1265 3797 tn

93 3846 197 3906 totam
220 3840 380 3906 rationem
404 3840 451 3904 ita
475 3847 512 3906 ut
536 3862 594 3924 ego
618 3840 774 3923 pervelim
789 3840 910 3905 librare
928 3843 1079 3924 graveris.
1119 3841 1163 3904 At
1179 3839 1266 3904 absit

19 3970 21 3975 ·
94 3944 135 4010 de
167 3945 390 4012 amantissimo
417 3951 450 4010 te
485 3946 550 4011 mei
585 3946 744 4030 suspicari
780 3968 851 4030 quae
885 3952 994 4011 essent
1025 3945 1112 4011 hand
1145 3946 1264 4010 amicat

92 4050 232 4141 Pergam
254 4052 361 4136 igitur.
384 4051 445 4117 hoc
468 4049 546 4118 audi
571 4060 605 4118 et
623 4058 730 4118 tecum
756 4050 892 4117 habeto:
917 4053 998 4118 Esse
1014 4052 1047 4116 in
1064 4050 1266 4117 Bibliotheca

677 4211 694 4252 rt

169 4299 328 4369 lNos]gal.
351 4307 374 4365 2,
401 4305 439 4352 ld.
498 4300 592 4368 ango]
615 4301 667 4367 gul.
690 4304 769 4366 2‚19.
826 4299 928 4353 3Nach
944 4300 1041 4352 diesem
1056 4301 1181 4353 interesse
1196 4298 1264 4352 steht

92 4389 134 4442 ein
149 4392 262 4456 amnites,
272 4394 318 4440 rnit
329 4392 416 4440 rothcr
429 4393 493 4440 riute
505 4391 702 4456 rrrrsgestrichen
716 4390 768 4440 und
779 4391 847 4441 denn
861 4391 957 4441 wieder
967 4393 1112 4458 puncticrt:
1127 4392 1265 4442 interesse.
