2716 4898
646 291 713 356 225

83 484 184 565 atque
209 478 362 564 legissem
386 485 419 544 et
435 478 680 564 Apologeticum
694 486 789 546 tuum
808 481 827 562 ¹,
851 487 945 548 tanta
960 483 1141 566 alacritate,
1164 491 1259 552 tanta

87 582 220 665 fiducia,
243 590 336 651 tanto
360 583 553 669 eloquentiae
583 585 726 664 fulmine,
751 590 843 652 tanto
866 589 1033 670 acumine,
1064 597 1133 656 tam
1156 591 1262 658 multi-

81 689 162 776 juga
185 690 379 757 eruditionis
403 690 554 756 ubertate
578 693 811 775 conscriptum,
832 694 901 777 jam
925 694 1003 758 mihi
1025 695 1174 777 videbar,
1199 718 1262 762 non

85 796 201 862 audire
224 818 317 862 reum
339 817 399 880 pro
423 817 457 862 se
481 796 651 877 dicentem,
675 797 732 862 sed
756 798 913 864 victorem
939 800 978 864 de
1003 800 1146 868 subactis
1162 802 1263 868 hosti·

86 901 145 967 bus
169 902 370 986 triumphum
394 908 550 985 agentem.
598 903 706 968 Unnm
727 904 808 968 illud
837 903 1084 988 desyderabam,
1112 909 1156 971 mi
1180 908 1263 992 Cap-

88 1009 172 1088 nion,
196 1008 314 1092 loquar
337 1007 422 1072 enim
445 1008 635 1091 simpliciter
659 1015 693 1074 et
715 1011 832 1088 amice,
867 1010 1030 1075 malebam
1060 1006 1102 1077 te
1117 1013 1149 1076 in
1173 1011 1261 1078 locos

88 1113 161 1180 illos
186 1135 372 1180 communes
396 1113 526 1196 parcius
550 1113 674 1197 digredi
698 1120 757 1179 aut
780 1121 868 1180 certe
893 1117 998 1183 minus
1021 1117 1195 1200 immorari,
1218 1118 1262 1183 ad

85 1220 153 1285 haec
185 1220 288 1304 magis
323 1228 524 1303 temperasse
557 1241 577 1283 a
609 1220 790 1286 manifestis
824 1223 983 1287 convitiis.
1030 1222 1150 1288 Verum
1180 1222 1262 1288 illud

84 1327 111 1391 si
134 1327 252 1391 vitium
267 1333 326 1406 est,
351 1327 462 1391 vitium
487 1334 538 1392 est
554 1326 690 1392 hominis
714 1327 897 1392 eruditione
915 1350 953 1394 ac
978 1331 1081 1395 literis
1105 1328 1261 1414 superflu-

84 1432 181 1512 entis,
205 1432 257 1497 hic
281 1431 409 1497 difficile
434 1438 483 1496 est
506 1432 611 1497 alieno
637 1432 740 1497 dolori
764 1434 896 1499 modurn
923 1436 1146 1519 praescribere.
1180 1437 1261 1502 Rem

82 1537 187 1604 facies
213 1538 349 1604 eruditis
373 1538 521 1604 omnibus
544 1539 761 1622 gratissimam
796 1540 823 1604 si
853 1541 977 1606 curaris
1001 1542 1090 1606 illum
1115 1540 1261 1606 libellum

81 1644 115 1709 in
141 1644 294 1729 Angliam
317 1645 615 1724 transmittendum,
648 1645 698 1709 vel
721 1644 763 1709 ad
786 1645 945 1710 loannem
968 1647 1164 1730 Episcopum
1188 1646 1262 1712 Rof-

81 1750 222 1830 fensem,
258 1751 308 1816 vel
342 1751 384 1815 ad
409 1750 556 1816 Ooletum
589 1751 746 1816 decanum
777 1772 800 1815 s.
826 1751 926 1816 Pauli.
973 1753 1047 1836 Ipse
1081 1773 1208 1837 quoque
1232 1751 1260 1817 si

81 1863 203 1941 potero
227 1858 354 1922 mittam
379 1876 494 1936 meum,
517 1857 648 1921 tametsi
671 1856 801 1921 unicum
824 1856 911 1920 mihi.
943 1856 1136 1941 Scripsimus
1159 1878 1259 1922 anno-

81 1963 229 2028 tationes
264 1963 296 2027 in
320 1962 445 2028 Novum
469 1963 710 2027 Testamentum
735 1963 927 2028 universum.
973 1963 1088 2048 Itaque
1121 1971 1171 2029 est
1193 1964 1260 2029 ani·

83 2075 160 2134 mus
177 2067 403 2133 excudendum
420 2088 534 2132 curare
550 2089 668 2133 norum
684 2067 928 2133 Testamentum
955 2090 1102 2152 gracum,
1124 2069 1261 2154 adjectis

85 2173 211 2240 nostris
234 2173 484 2238 annotamentis.
515 2173 617 2257 Ajunt
638 2172 699 2238 tibi
723 2174 917 2257 exemplar²
942 2196 1014 2240 esse
1039 2175 1261 2240 emendatissi-

85 2301 187 2360 mum,
211 2281 303 2363 cnjus
327 2279 453 2362 copiam
477 2279 504 2343 si
528 2278 643 2343 feceris
659 2279 776 2344 Joanni
792 2279 951 2345 Frobenio
969 2280 990 2358 ³,
1015 2286 1144 2364 gratum
1160 2279 1261 2346 facies

86 2407 152 2450 non
187 2383 291 2451 solum
325 2384 403 2448 mihi
426 2391 525 2468 atque
548 2384 604 2464 illi,
640 2406 751 2449 rerum
786 2386 884 2449 etiam
917 2385 1071 2450 studiosis
1101 2384 1259 2451 omnibus.

88 2491 202 2558 Codex
233 2491 357 2575 integer
400 2497 434 2556 et
474 2491 747 2556 incontaminatus
784 2491 827 2554 ad
857 2497 890 2556 te
925 2489 1054 2555 redibit.
1114 2490 1194 2555 Vale
1227 2495 1261 2555 et

86 2596 243 2663 rescribe.
290 2596 340 2661 Ad
370 2595 520 2662 literas⁴
554 2617 634 2680 quas
669 2595 701 2659 in
726 2596 841 2678 Anglia
871 2596 983 2679 accepi
1018 2595 1185 2680 respondi,
1218 2615 1260 2660 an

86 2702 224 2768 redditae
260 2701 325 2767 sint
354 2701 471 2767 nescio.
519 2702 605 2766 Tuas
630 2701 745 2766 literas
782 2700 969 2786 expectabo.
1016 2702 1156 2767 Rursum
1178 2699 1260 2781 vale,

87 2809 189 2875 totius
214 2807 396 2873 Germaniae
429 2829 504 2872 vere
537 2808 666 2872 unicum
703 2808 800 2872 decus
836 2813 870 2872 et
893 2816 1118 2873 ornamentum
1141 2808 1262 2873 incom-

87 2914 246 2998 parabile.
294 2914 488 2997 Magnopere
513 2912 684 2997 cupiebam
707 2920 816 2979 tecum
840 2934 950 2978 coram
966 2914 1116 2999 colloqui,
1139 2935 1261 2995 verum,

87 3025 125 3086 ut
148 3020 254 3100 video,
278 3041 342 3084 uon
365 3019 485 3084 licebit.
532 3019 612 3084 Nam
635 3018 678 3083 ad
702 3019 780 3084 Idus
805 3019 1012 3102 Septembres
1043 3020 1117 3086 hinc
1140 3021 1174 3085 in
1196 3021 1262 3085 Ita·

88 3125 165 3190 liam
188 3146 298 3209 pergo,
321 3124 382 3190 nisi
412 3125 439 3190 si
462 3125 541 3209 quid
565 3125 711 3191 extiterit
733 3116 863 3190 interea
886 3126 968 3190 novi.
1016 3125 1139 3191 Iterum
1162 3131 1261 3210 atque

88 3231 207 3298 iterum
231 3231 313 3296 vale.

178 3340 338 3402 Gedrnckt:
354 3340 382 3400 J.
400 3357 427 3400 v.
445 3357 470 3401 e.
487 3357 501 3400 s
516 3336 565 3400 iiib
583 3343 629 3399 4³.

201 3633 203 3637 .
472 3630 476 3638 ,
577 3566 775 3633 OLXXXXI.

158 3654 244 3706 raris.
990 3657 1023 3706 ao
1042 3655 1110 3721 Aug.
1130 3655 1223 3725 (1514)

380 3742 546 3818 Jacobus
565 3742 686 3818 Faber
705 3771 754 3816 an
773 3743 966 3817 Reuchlin.
997 3774 999 3777 ’

176 3891 275 3958 Trotz
286 3891 345 3956 der
360 3891 462 3957 briefe
472 3891 647 3958 Reuchlins
660 3892 726 3957 und
743 3892 799 3958 des
809 3891 943 3975 herzogs
955 3890 1067 3956 Ulrich
1083 3912 1124 3955 an
1141 3890 1194 3957 die
1209 3891 1225 3956 f
1245 3930 1259 3941 -

671 4037 688 4077 *

160 4147 173 4196 1
193 4143 407 4215 Apologeticum]
430 4142 572 4196 Reuchlins
597 4143 714 4196 defensio
739 4151 832 4196 contra
854 4141 1057 4194 calumniatores
1084 4142 1260 4195 colonienses.

89 4229 277 4302 2Exemplar]
305 4230 352 4284 das
384 4249 437 4284 ron
465 4232 541 4284 Basel
562 4233 696 4300 galiebene
719 4250 740 4284 s.
768 4248 792 4283 o.
822 4237 854 4282 24
878 4232 935 4282 Juli
964 4234 1031 4282 1488
1059 4247 1116 4280 nro.
1143 4230 1192 4280 XV
1216 4231 1261 4296 fg,

87 4321 139 4390 vgl.
159 4327 243 4372 unton
263 4322 296 4372 29
317 4322 387 4388 Sept.
417 4323 494 4373 1516.
569 4318 732 4373 3Frobenio
760 4326 782 4372 1.
856 4320 1002 4388 4Lite1as]
1028 4318 1170 4370 Reuchlins
1195 4318 1266 4371 brief

86 4423 120 4460 au
140 4411 269 4461 Erasmus
289 4426 349 4460 vom
376 4410 448 4476 April
481 4411 557 4473 1514,
577 4408 713 4462 obcnnro.
734 4409 885 4461 CLXXXV.

139 4507 291 4550 Reuchlln
1026 4480 1059 4541 15
