2790 4882
656 271 723 345 222

104 468 311 554 imperialem·
325 486 426 554 quam
440 467 597 535 Caesarea
616 469 772 555 Majestas
796 491 870 537 eum
891 469 1097 554 impositione
1118 466 1284 555 perpetui

106 576 240 641 silentii
261 574 507 660 supersedem-
529 575 653 644 oculari
676 577 807 660 speculo
831 577 964 658 statuit,
987 576 1029 642 ab
1053 574 1280 643 adversariis¹

104 687 235 765 ruptam
250 687 367 766 atque·
380 680 528 760 fractam,
552 683 668 747 tertio:
691 681 887 749 citationem
910 681 1124 767 apostolicam
1147 681 1281 747 etvinhia

105 788 275 868 titionem,
291 793 433 872 quarto:
467 786 639 867 Articulos,
664 788 843 873 exquibus
869 793 1121 872 conceptusest
1144 786 1282 853 libellus·

102 894 309 974 articulatus,-
329 893 506 961 secundnm
529 892 632 977 legem
664 892 825 959 diffamari
850 894 982 976 (Codice
1006 893 1047 958 de
1070 893 1223 978 ingenuis
1247 899 1283 959 ot

103 995 486 1084 manumissislpquinto:
495 1000 695 1064 sententiam
710 998 910 1066 diffinitivam
925 1020 999 1065 oum
1014 1000 1084 1084 ejus
1095 1018 1286 1084 'processu-3¹

106 1111 214 1172 sexto:
236 1105 356 1170 *literas
376 1103 621 1170 executoriales'.
645 1126 667 1143 ,.
949 1118 951 1123 ’
1226 1120 1229 1124 ·
1281 1112 1284 1131 ²

194 1210 302 1287 Quare
330 1209 465 1275 obsecro
489 1231 555 1290 vos,
580 1211 697 1275 Patres
720 1231 809 1276 meos
833 1231 931 1295 qnam
955 1209 1282 1291 observandissir'mos,i

107 1313 577 1400 dignemini-sin..-hacrcausa
611 1315 719 1382 ocium
754 1314 909 1400 praelerre
943 1317 1082 1402 negocio,
1106 1322 1279 1382 et‘oontra

107 1442 161 1487 me
182 1419 284 1486 filium
297 1426 350 1486 *et
369 1421 538 1491 alnmnnm
561 1427 704 1487 vestrum
727 1420 807 1485 nihil
833 1427 987 1503 statuere,
1022 1420 1158 1487 delinire
1175 1421 1188 1460 ²
1205 1426 1279 1486 'aut

106 1526 282 1593 declarare
329 1527 412 1592 Gom
430 1527 668 1594 ¹sanctissimus
698 1526 846 1593 dominus
881 1533 992 1594 noster
1021 1529 1110 1613 Papa
1143 1527 1211 1594 Iseo
1245 1533 1279 1592 et

107 1633 338 1700 committendo
361 1634 404 1698 ad
426 1639 540 1717 partes
563 1639 597 1698 et
619 1632 795 1699 inhibendo
819 1634 951 1719 singulis
985 1633 1058 1700 aliis
1086 1633 1099 1672 ³
1128 1634 1287 1717 personis·

105 1748 140 1806 ot
157 1739 323 1824 judicibus
336 1758 542 1806 manasseas
558 1739 757 1824 apposuerit,
779 1759 821 1805 ne
838 1739 917 1804 mihi
933 1739 1116 1805 auctoritas
1127 1741 1276 1805 ⁴¹'vestra

109 1845 184 1930 plus
214 1851 334 1911 noceat
359 1848 456 1930 quam
471 1845 555 1911 ‹oeri
578 1845 682 1930 prosit
704 1844 886 1926 evidentia,
919 1867 960 1911 ex
988 1864 1054 1930 qno
1077 1845 1163 1911 enim
1186 1846 1278 1930 Papa

106 1969 238 2017 manum
261 1953 414 2036 apposnit
428 1952 570 2018 inferior
593 1972 627 2017 se
651 1949 691 2016 de
706 1952 840 2034 negocio
855 1951 1005 2018 ammodo
1020 1951 1035 1990 ⁶
1057 1951 1285 2018 intromittere¹

106 2076 170 2122 non
191 2057 301 2123 debet.
340 2048 636 2124 -Valetefloelioiter
659 2061 693 2122 et
715 2057 810 2122 simul
844 2058 985 2141 cogitate
1009 2057 1287 2123 memorimente

105 2161 191 2228 hano
223 2150 417 2247 praesentent
450 2163 532 2230 meri
561 2163 640 2228 facti
673 2183 744 2229 esse
777 2164 1000 2248 quaestionem,
1036 2169 1069 2230 et
1100 2180 1165 2230 non
1194 2161 1278 2249 juris

106 2288 211 2354 neque
233 2266 334 2335 divini
357 2284 481 2354 meque
502 2269 656 2348 humani,
690 2269 732 2334 de
765 2289 830 2353 qua
858 2274 1006 2336 nostrum
1029 2274 1196 2334 certamen
1220 2275 1284 2336 est.¹

106 2374 180 2441 Non
209 2361 468 2460 enird'disputo,
498 2375 577 2459 quid
609 2376 653 2440 sit
675 2375 870 2441 haereticum·
889 2374 947 2442 et⁰
971 2375 1050 2460 quid
1073 2373 1286 2455 catholicum,

107 2481 166 2546 sed-
183 2482 292 2547 :solnm
314 2487 425 2546 utrum
448 2482 579 2547 oculare
603 2481 771 2566 speculum
794 2482 881 2566 quod
904 2483 935 2547 in
953 2501 1024 2547 uno
1047 2492 1277 2565 corporeoon-
1316 2520 1319 2525 ‹

107 2592 174 2652 stat
190 2608 237 2655 ex
259 2588 426 2653 declarato
450 2594 483 2653 et
506 2588 737 2669 declaratione,
761 2593 890 2654 asserat
912 2585 1063 2653 absolute
1087 2576 1285 2672 simpliciter

108 2699 141 2758 et
164 2693 232 2760 sine
256 2693 368 2758 add-ito
384 2694 621 2777 propositiones
637 2716 719 2779 quas
735 2693 918 2760 adversarii
934 2693 1144 2777 exprobrant.
1183 2691 1287 2770 Qdod

107 2799 139 2863 si·
157 2805 225 2863 tam
245 2797 383 2864 dubium
406 2806 465 2880 est,
486 2806 526 2865 ut
548 2800 747 2866 scholastica
770 2799 989 2883 disputatione
1007 2798 1079 2864 veni
1098 2803 1134 2864 at
1148 2798 1286 2865 inresu-

106 2904 262 2988 gandum,
291 2904 566 2988 quemadmodum
588 2897 766 2971 adversarii
795 2906 844 2970 illi
874 2904 1144 2988 circumvagando
1177 2904 1287 2971 careia·

106 3016 234 3089 tantos,
257 3015 411 3093 satagunt
437 3016 471 3077 et
493 3011 648 3094 colligunt
671 3011 840 3076 doctorum
863 3010 924 3076 sibi
948 3010 1185 3076 adhaerentium
1211 3009 1277 3095 opi·

106 3115 229 3195 nioneS,
252 3122 340 3181 certe
360 3116 429 3201 jam
453 3116 615 3182 constabit
638 3115 681 3180 ad
704 3116 803 3182 solius
826 3117 915 3182 Petri
937 3116 1069 3196 sedem,
1088 3116 1123 3181 id
1159 3122 1212 3182 est
1235 3115 1287 3181 ad:

108 3210 266 3288 summum
290 3221 478 3288 Pontificem
495 3246 497 3251 ·
512 3243 583 3287 esse
617 3221 823 3287 referendum
853 3228 886 3287 et
908 3243 971 3287 non
995 3221 1037 3286 ad
1059 3221 1232 3288 inferiores
1249 3222 1275 3303 7;

108 3328 285 3394 meandum
304 3329 380 3413 jura
403 3328 566 3408 canonica,
589 3349 660 3412 quae
683 3329 716 3392 in
739 3328 800 3394 hoc
822 3336 899 3394 sunt
921 3328 1019 3408 clara,
1040 3333 1076 3394 ‘et
1099 3327 1278 3393 seeundum

107 3434 276 3519 theologos
304 3436 337 3500 in
361 3435 486 3500 Gerson
509 3434 549 3500 de
573 3435 819 3499 Examinatione
850 3434 1075 3499 doctrinarum
1107 3433 1142 3498 in
1176 3419 1289 3500 terna·

108 3540 385 3626 oonsydsratione,
408 3545 442 3606 et
464 3541 584 3606 Occam
605 3539 745 3605 insslibro
765 3540 867 3606 Sexto
884 3535 1148 3633 Dialogorurnin
1170 3539 1288 3623 prims*

106 3652 201 3732 parte
224 3648 311 3713 circa
332 3646 429 3712 finem
445 3647 467 3727 ⁸,
491 3652 525 3712 et
547 3647 602 3712 alii
623 3646 729 3727 multi,
753 3667 773 3711 a
794 3665 929 3724 quorum
951 3643 1091 3712 lectione
1115 3644 1289 3730 pioltsslo'

164 3774 166 3780 .
682 3775 700 3815 s
1158 3770 1161 3779 .
1227 3766 1230 3773 .
1284 3770 1287 3777 .

182 3865 271 3919 lIllis
296 3866 340 3917 fiir
369 3864 527 3917 adversariis
547 3870 582 3918 ’2.
606 3869 631 3918 3.
704 3865 858 3916 t-Dtffintrc
891 3869 933 3916 ἣν
989 3862 1288 3932 end-portmaur-

106 3943 207 4019 'ausgel
223 3958 246 4004 2.
261 3957 286 4005 3.
359 3953 529 4005 4Autoritas
543 3957 566 4004 2.
581 3958 605 4004 3.
679 3953 840 4004 5Amodo3
913 3954 1124 4019 earcongota.
1200 3953 1275 4004 lin·

107 4042 227 4102 seriorem
247 4046 270 4092 2.
291 4045 315 4094 3.
388 4044 453 4095 sR.
479 4041 557 4109 spicit
587 4042 638 4094 wol
654 4059 690 4093 an
707 4042 756 4095 auf
772 4042 814 4093 dis
833 4046 915 4093 warte
932 4041 1047 4093 Gerasus
1065 4056 1089 4091 a.
1107 4057 1131 4104 a,
1152 4057 1178 4101 o,
1197 4041 1275 4106 (Berl.

107 4130 175 4181 Bibl.
193 4131 286 4183 locun.
306 4132 386 4198 7627)
402 4130 437 4181 bl.
460 4134 483 4180 2.
500 4128 620 4181 sumitur
637 4137 776 4197 propterea
800 4131 868 4181 ratio
886 4128 1121 4196 proportionabilis
1143 4127 1177 4178 ad
1201 4133 1276 4181 auto·

108 4217 210 4269 ritatem
229 4233 311 4284 papae,
329 4233 432 4273 necnon
448 4233 496 4284 per
531 4217 648 4269 ordinem
667 4218 859 4271 hierarchicum
876 4218 1018 4284 figuratum
1036 4217 1191 4280 insensilio
1213 4215 1274 4266 dato

107 4303 195 4370 Moysi
214 4321 259 4372 por
277 4304 369 4357 Jethro
389 4321 508 4356 socerum
525 4322 610 4356 suum.
648 4306 767 4357 Okkams
786 4312 867 4357 worte
887 4321 911 4357 a.
924 4321 947 4354 a.
962 4321 986 4356 o.
1006 4305 1110 4368 lib.V1‚
1131 4320 1189 4371 cap.
1202 4303 1291 4355 LXII.

108 4389 150 4444 bei
168 4393 291 4446 Goldast:
311 4394 469 4444 monarchiae
487 4394 588 4444 romani
608 4394 710 4460 imperii
728 4394 753 4445 b.
773 4395 805 4444 ΙΙ.
824 4411 845 4445 s.
865 4397 916 4446 567
936 4394 973 4462 ig.
