2716 4898
654 271 694 335 71

91 456 243 524 niationis
276 457 465 526 divisionem
487 458 633 539 admitti,
661 467 816 528 manente
849 461 1040 549 diphthongi
1069 470 1264 553 quantitate,

92 568 132 628 ut
162 563 357 631 Ptolemaeus
384 566 574 650 Euergetes,
600 566 748 633 Bacchus
779 567 878 636 Euius
894 571 913 633 ¹.
967 571 1010 638 Et
1040 572 1193 657 Virgilius
1228 577 1263 641 in

93 676 209 736 octavo
221 671 304 736 Tum
316 677 410 755 pater
424 670 598 739 Euandrus
615 671 765 738 dextram
782 675 968 760 complexus
984 679 1091 746 euntis
1105 681 1125 744 ².
1147 681 1265 748 Haud⁸

94 796 189 841 seona
212 781 312 860 atque
335 777 367 841 in
391 797 432 842 au
449 776 647 862 diphthongo
668 777 820 846 accidere
836 780 971 861 assolet,
995 787 1048 849 ut:
1072 784 1194 870 gaudeo
1209 809 1263 872 ga·

95 883 193 962 risus,
219 889 252 948 et
276 883 474 948 econtrario
496 883 575 963 avis,
600 904 730 968 auceps.

185 987 270 1066 Quid
300 994 409 1053 antem
439 1009 536 1072 super
560 989 817 1074 metamorphosi
848 992 996 1074 sentiam,
1027 1016 1155 1081 quoque
1178 998 1262 1065 tales

94 1092 255 1159 dictiones
279 1098 416 1160 accentu
440 1095 646 1177 pronunciari
664 1094 815 1175 debeant,
839 1103 928 1164 certe
943 1099 1138 1182 permultum
1153 1101 1263 1182 refert,

93 1220 201 1282 graeca
223 1199 324 1265 latine
348 1198 426 1264 velis
451 1198 557 1265 dicere
581 1220 624 1264 an
646 1221 761 1283 gruere.
799 1201 884 1266 Nam
900 1202 927 1266 si
942 1208 1051 1286 togam
1068 1205 1114 1270 eis
1128 1207 1263 1271 latinam

93 1303 221 1384 induas,
245 1324 379 1370 romana
402 1303 580 1370 servabunt
602 1312 781 1391 praecepta,
808 1311 845 1371 ut
869 1306 983 1391 quibus
1006 1308 1113 1376 brevis
1137 1316 1187 1376 est
1209 1332 1264 1395 pe·

93 1410 241 1490 nultima,
273 1410 325 1476 his
348 1415 463 1475 acutus
493 1410 526 1474 in
556 1411 844 1495 antepenultimam
869 1412 967 1477 eadat
989 1421 1151 1494 accentus,
1175 1416 1263 1482 velut

92 1516 164 1582 baec
187 1515 387 1582 Dorothea⁴
409 1515 504 1600 hujus
528 1514 714 1597 Dordtheae,
738 1516 790 1581 hio
814 1516 1017 1599 Timdtheus,
1040 1519 1135 1605 hujue
1157 1519 1263 1587 Timo-

92 1623 172 1701 thei,
196 1621 248 1687 hio
272 1619 431 1701 Sdorates,
454 1621 547 1706 hujus
573 1619 727 1700 Sderatis,
748 1621 800 1686 hio
816 1621 1042 1706 Hippocrates,
1065 1623 1159 1708 hujus
1183 1626 1261 1710 Hip-

91 1726 249 1812 prioratis,
272 1726 323 1792 hie
339 1726 541 1806 Aristdteles,
565 1726 660 1811 hujus
679 1725 874 1806 Aristotelis,
896 1726 949 1792 hio
965 1728 1151 1808 Praxiteles,
1167 1728 1261 1814 hujus

93 1831 277 1898 Praxitelis.
324 1831 429 1896 Aliter
453 1832 536 1897 euim
560 1853 599 1898 ea
623 1833 650 1896 si
672 1853 776 1915 graeoe
799 1830 946 1916 proferas
961 1832 1140 1916 penultima
1155 1836 1262 1901 veniet

93 1937 236 2004 elevata:
260 1937 329 2002 haeo
353 1936 518 2003 Dorothda
541 1937 636 2022 hujus
661 1935 852 2017 Dorotheas,
875 1935 928 2002 hio
949 1936 1143 2019 Timotheos,
1166 1939 1261 2024 hujus

94 2041 275 2122 Timothdu,
292 2043 343 2108 bio
360 2042 502 2108 Socratis
522 2041 544 2123 ⁵,
573 2042 670 2126 hujus
687 2042 850 2123 Soordtus,
866 2042 917 2107 hie
933 2043 1150 2128 Hippocratis,
1166 2044 1261 2129 hujus

92 2147 332 2234 Hippocratus,
366 2148 418 2213 hie
449 2147 654 2227 Aristotelis,
684 2146 780 2232 hujus
811 2147 1016 2215 Aristotdlus.
1068 2150 1105 2214 ln
1143 2150 1260 2234 quibus

92 2275 169 2321 vero
201 2252 380 2339 penultima
409 2253 532 2339 syllaba
563 2255 731 2338 reperitur
761 2253 873 2337 longa,
903 2274 941 2318 ea
971 2254 998 2320 si
1028 2275 1132 2338 graeoo
1160 2255 1259 2339 pallio

93 2360 207 2445 cupias
230 2360 354 2440 ornari,
378 2359 556 2444 spectanda
578 2360 687 2424 veniet
711 2357 825 2424 ultima
849 2358 987 2444 syllaba,
1021 2381 1092 2444 quae
1115 2360 1143 2426 si
1164 2359 1260 2443 longa

92 2466 205 2546 luerit,
240 2471 393 2531 accentus
424 2464 623 2530 exaltabitur
650 2464 684 2528 in
714 2463 900 2548 penultima.
954 2463 1008 2529 Sin
1037 2486 1111 2530 vero
1143 2464 1259 2545 brevis,

91 2570 232 2636 levanda
255 2576 307 2636 est
328 2576 424 2637 acuto
448 2591 527 2635 sono
550 2569 808 2654 antepenultima
834 2574 866 2633 et
890 2568 937 2633 ita
959 2569 991 2633 iu
1015 2568 1193 2653 barytonis.

182 2677 231 2741 De
254 2675 391 2743 historia
414 2682 448 2741 et
471 2675 593 2759 sophia,
617 2675 701 2741 sieut
724 2673 763 2740 de
788 2674 883 2757 papia
906 2679 940 2739 et
958 2672 1160 2758 philosophia
1175 2696 1260 2740 oom-

91 2802 223 2848 munem
256 2803 349 2848 usum
386 2802 456 2846 esse
488 2780 757 2846 considerandum
790 2778 975 2845 Priscianus
1004 2778 1259 2846 Caesariensis⁶

91 2888 124 2952 in
148 2886 231 2953 libro
261 2886 301 2953 de
329 2885 518 2959 accentibus
540 2886 696 2971 praecipit.
743 2885 790 2949 Tu
815 2904 890 2948 vero
915 2883 1059 2968 ejusdem
1084 2884 1259 2969 diligentur

92 2993 163 3076 lego
198 2997 395 3076 praeceptum
429 2992 463 3056 in
495 2991 579 3058 libro
616 2989 760 3056 seeundo
791 2989 872 3055 artis
902 2990 1120 3068 grammaticae
1153 2991 1259 3076 capite

91 3105 207 3164 octavo
239 3097 279 3163 do
307 3098 489 3181 possessivo
515 3098 537 3176 ⁷,
572 3096 628 3163 ubi
661 3094 766 3161 tradit
792 3094 826 3159 in
858 3094 975 3179 quibus
1005 3095 1017 3159 i
1046 3095 1258 3179 penultimam

90 3224 208 3288 puram
224 3202 403 3284 producant
423 3187 570 3269 Romani.
617 3203 778 3269 Caeterum
803 3221 875 3284 quae
897 3199 1108 3285 penultimam
1131 3200 1259 3284 longam

91 3309 278 3396 quantitate
301 3308 440 3390 habeut,
464 3329 535 3374 eam
566 3328 695 3390 semper
725 3306 869 3384 elevant,
898 3305 960 3371 uisi
990 3305 1033 3369 sit
1057 3305 1069 3343 ⁸
1101 3304 1258 3389 quaedam,

92 3496 118 3539 et
138 3487 216 3540 debet
236 3504 252 3538 e
271 3488 297 3536 in
317 3484 433 3537 seeundo
450 3485 555 3551 syllaba
573 3424 708 3536 nonensis.
728 3489 794 3535 teste
812 3483 916 3534 «Ioanne
936 3480 1080 3533 Phoroensi
1104 3487 1130 3531 et
1150 3480 1259 3532 flebello

90 3578 127 3643 (D
147 3578 198 3642 3⁸).
235 3578 290 3627 Aus
314 3576 359 3626 der
381 3574 476 3626 sobrilt
494 3575 524 3624 In
548 3575 634 3625 Horas
653 3571 745 3624 d‘riioas
765 3570 881 3621 illustris
901 3568 1044 3636 (Redolphi
1062 3568 1158 3634 Langij
1180 3575 1258 3637 poete
1305 3557 1311 3576 ¹

91 3665 216 3717 Laurenti
241 3663 402 3714 ornatissimi
428 3662 527 3729 exple!
544 3663 617 3713 natio
645 3663 724 3714 Petri.
749 3677 775 3711 n.
803 3657 956 3725 Drolsbagij
983 3656 1026 3721 (ll
1058 3657 1162 3724 aeilen).
1207 3660 1257 3710 Am

90 3755 170 3805 ende:
190 3753 263 3803 Finis
275 3768 321 3819 per
341 3768 381 3802 me
393 3749 552 3802 Riebardom
565 3751 663 3817 patrat.
695 3752 771 3801 Auno
790 3747 832 3798 dei
845 3745 1038 3797 MCCGCCN.
1059 3744 1161 3799 deeima
1180 3754 1256 3799 sextu

91 3843 201 3910 Aprilis.
239 3841 262 3890 A
284 3843 300 3890 8
319 3840 339 3890 B
358 3846 373 3890 4
394 3840 414 3890 C
434 3842 449 3890 6
472 3840 493 3890 D
514 3844 529 3889 4
549 3839 596 3891 bll.
616 3841 652 3889 4⁰.
690 3839 739 3888 Die
758 3837 837 3888 letate
858 3837 923 3885 seito
938 3835 978 3885 ist
996 3834 1060 3886 leer.

173 3930 357 3996 lEvergetes,
383 3927 481 3988 Euius,
510 3926 659 3977 Evandrus!
687 3931 712 3977 4.
786 3930 800 3975 2
828 3923 913 3990 Virgil
940 3910 1022 3974 lineis
1049 3923 1120 3987 VIII,
1147 3939 1171 3973 v.
1195 3924 1258 3973 558.

92 4024 109 4070 ὃ
130 4018 209 4070 Haud
231 4022 253 4068 1.
327 4015 498 4067 4Dorotbes
523 4014 576 4065 und
600 4015 670 4066 allen
695 4013 837 4080 folgenden
862 4019 961 4064 werten
985 4016 1094 4063 noeente
1113 4009 1213 4077 anagni.
1233 4014 1258 4060 4.

92 4107 202 4160 bNaeb
227 4104 274 4155 der
299 4103 458 4172 ausspraobe
482 4103 528 4154 des
553 4120 649 4167 ητ-ι
674 4101 728 4170 vgl.
754 4100 884 4153 Rouohliu
910 4117 930 4151 s.
961 4102 1008 4150 102
1033 4115 1055 4151 a
1076 4104 1099 4150 2.
1172 4099 1258 4151 onie

91 4194 260 4248 subbreioben
280 4193 415 4259 ansgsben
439 4191 525 4244 dieser
548 4191 746 4242 verbreitetsteu
765 4188 923 4256 grammatik
941 4203 963 4239 s.
982 4187 1025 4238 bei
1046 4187 1129 4250 Hain,
1152 4186 1257 4253 Repert.

91 4284 156 4338 bibt
168 4284 204 4335 1v
223 4298 243 4334 s.
269 4281 317 4332 153
337 4280 378 4331 bis
400 4282 458 4332 156.
496 4279 595 4331 Unsere
615 4278 735 4329 stellein
755 4277 800 4328 der
820 4293 893 4343 ausg.
915 4292 938 4325 r.
952 4273 1035 4325 Krehl
1055 4273 1134 4342 (Opp.
1150 4275 1258 4347 Pulsa).

93 4371 170 4447 ιρις.
195 4371 274 4439 1819,
292 4369 311 4440 1,
331 4384 352 4420 ι.
373 4369 529 4431 8611191.
585 4373 599 4424 t
620 4367 804 4445 deposseseivo
825 4369 849 4424 4.
904 4367 919 4415 8
942 4363 972 4423 ut
991 4367 1014 4422 4.
