2716 4898
647 289 714 356 202
1280 162 1283 355 i

95 476 175 544 mihi
205 477 321 544 fnisset
351 499 371 545 a
399 477 590 564 Stutgardia
619 479 819 564 Mognntiam
850 480 959 565 spatio
993 486 1036 548 22
1075 478 1235 551 mill’nrlun
1279 398 1283 559 i

97 584 391 665 alamannicorum,
424 607 496 670 quac
529 586 654 652 faciunt
684 585 758 671 plus
790 607 888 671 quam
922 592 1054 655 centum
1083 594 1119 655 et
1131 586 1235 669 decen,
1279 564 1283 631 ⁴

94 689 206 756 leucas
228 689 350 773 legales
369 691 379 728 ¹
399 689 498 774 idque
521 691 555 755 in
571 690 686 758 diebus
702 697 842 776 quatuor
857 713 931 759 cnm
945 691 1092 774 dimidio,
1114 693 1236 760 incana
1279 634 1283 765 i

95 802 248 880 tangente
282 817 351 862 rem
383 797 523 862 maxime
557 796 703 876 arduam,
735 797 859 864 sufficet
880 798 1015 879 famam,
1051 798 1236 867 honoremet

95 903 211 988 capitis
248 901 501 967 diminutionem.
548 902 622 969 Misi
644 904 920 987 ριοοιιιιιιοιθιιις
942 925 1017 971 cum
1039 904 1237 985 mandatust

95 1008 254 1076 Jacobum
277 1007 369 1074 illum
387 1008 638 1075 Praedicatorem
661 1030 732 1074 oum
757 1009 824 1076 suis
847 1009 1070 1095 complicibus,
1092 1015 1163 1077 erat
1179 1011 1237 1076 enin

95 1130 228 1181 suorum
252 1113 504 1180 fraterculorum
526 1120 658 1181 caterva
680 1115 836 1199 stipatus,
860 1115 1006 1201 judicem
1036 1121 1198 1183 recusaret
1212 1122 1237 1181 nt

94 1219 260 1286 inimicum
291 1219 371 1284 mihi
401 1225 501 1304 atque
531 1220 650 1287 libellis
680 1222 761 1287 meis
784 1243 881 1307 qnam
904 1221 1046 1288 maxime
1070 1227 1236 1306 suspectum.

95 1325 188 1404 Quod
211 1323 369 1391 docebam
392 1346 451 1408 per
475 1325 594 1392 multos
615 1325 800 1393 articulos³
823 1327 856 1392 in
880 1327 1012 1412 scriptis
1035 1325 1237 1394 exhibitossd

96 1452 235 1516 quorum
265 1430 435 1496 veritatem
465 1429 668 1516 probandam
690 1431 722 1497 in
745 1432 923 1499 continenti
945 1454 998 1499 me
1022 1433 1128 1499 obtuli
1149 1453 1236 1498 coran

95 1536 229 1603 arbitris
248 1536 332 1623 juris
355 1537 627 1620 comparitnrum,
658 1542 692 1602 et
721 1538 880 1605 nominavi
910 1559 970 1624 pro
998 1559 1075 1604 mea
1101 1544 1188 1623 parte
1206 1538 1238 1604 ri·
1280 1584 1283 1627 ι

95 1643 215 1710 carium
245 1642 390 1729 episcopi
413 1643 662 1708 Wormaciensis
685 1641 709 1723 ⁴,
740 1650 870 1729 petent,
895 1651 929 1711 et
950 1645 1021 1729 ipse
1045 1666 1138 1711 sunm
1158 1643 1238 1710 nomi·
1281 1632 1283 1733 ξ

95 1755 190 1816 naret
212 1749 392 1828 arbitrum,
424 1769 535 1814 coram
566 1749 683 1834 quibus
718 1771 758 1816 ea
789 1751 930 1835 suspicio
963 1750 1107 1835 legitime
1139 1749 1239 1816 veniret
1281 1762 1283 1767 '

94 1854 275 1940 probanda,
299 1859 399 1938 prout
422 1853 462 1920 de
482 1855 565 1938 jure.

185 1961 229 2026 At
250 1961 354 2026 frater
376 1960 519 2028 Jacobus
551 1960 707 2029 refutauit
728 1982 769 2029 ac
789 1961 896 2028 renuit
924 1961 972 2026 ire
1000 1959 1055 2027 via
1077 1960 1173 2046 juris,
1197 1956 1241 2024 sed

99 2071 137 2131 ut
169 2065 239 2151 ipse
273 2088 346 2132 oum
381 2068 448 2132 suis
479 2067 716 2135 contribulibus
739 2067 910 2133 adversum
933 2087 985 2132 me
1007 2065 1165 2132 haetenus
1184 2084 1241 2130 con·

96 2172 210 2252 suevit,
234 2171 387 2238 violentia
409 2170 488 2238 facti
512 2173 610 2256 elegit
632 2178 667 2238 et
688 2173 925 2239 recusationem
956 2171 1132 2245 admittere
1151 2168 1241 2237 noluit

96 2279 126 2344 Α
158 2292 223 2364 qno
254 2279 441 2364 gravamine
476 2300 567 2345 meus
600 2286 794 2363 procurator
828 2276 1006 2361 appellavit
1033 2274 1047 2316 ⁵
1080 2276 1124 2344 ad
1152 2275 1242 2343 sedem

100 2384 329 2470 apostolicam,
353 2386 405 2450 cui
428 2385 601 2469 Apostolos
617 2383 827 2451 refutatorios
841 2383 896 2448 ille
913 2381 1011 2448 dedit
1050 2383 1093 2448 Et
1109 2383 1154 2449 sic
1167 2380 1244 2446 finita

100 2497 152 2558 est
173 2490 242 2556 haec
265 2491 430 2556 instantia.
477 2491 595 2556 Postea
618 2511 694 2557 vero
723 2512 776 2556 me
805 2489 968 2557 nesciente
996 2487 1102 2554 frater
1124 2486 1245 2556 lacobus

97 2597 205 2663 factus
229 2603 389 2682 estpars,
412 2597 467 2682 qui
490 2597 581 2680 prius
604 2596 705 2662 voluit
720 2617 791 2662 esse
809 2594 920 2680 judex,
943 2600 978 2660 et
1000 2615 1022 2660 a
1045 2593 1173 2660 domino
1193 2591 1246 2657 Mo

99 2704 233 2786 guatino
265 2709 421 2788 tanquam
445 2702 608 2768 ordinario
631 2700 695 2769 loci
717 2701 816 2767 etiam
839 2698 1037 2766 adminiculo
1059 2695 1243 2784 imperialis⁶

93 2808 241 2874 mandati
270 2808 454 2894 surreptitii
483 2814 517 2874 et
543 2808 711 2892 abreptitii
732 2807 900 2891 delegatos
924 2805 1085 2890 quosdam
1108 2807 1244 2890 impetra·

95 2913 142 2977 vit
164 2915 402 2981 commissarios
426 2935 538 2980 omnes
562 2913 750 2979 Themistas
781 2911 916 2978 etmihi
940 2933 1040 2996 quam
1064 2907 1248 2996 suspectissi-

95 3039 174 3099 mos,
202 3019 264 3085 sibi
291 3026 401 3085 antem
425 3020 647 3100 amicissimos,
677 3019 797 3104 quibus
827 3038 919 3084 suam
948 3023 1146 3102 praetensam
1170 3014 1248 3102 juris

97 3123 269 3191 dictionem
294 3123 526 3209 subdelegavit

185 3228 331 3315 Cumque
350 3231 418 3316 jam
441 3231 562 3297 vellent
575 3230 718 3299 alterum
735 3250 932 3314 processum,
954 3229 1021 3295 imo
1037 3229 1139 3296 alium
1154 3230 1247 3295 contra

96 3334 224 3402 libellos
246 3356 336 3402 meos
359 3336 548 3417 inst‘tuere,
579 3332 732 3402 timentes
762 3357 803 3402 ne
826 3334 911 3402 forte
934 3334 968 3399 in
991 3355 1067 3404 maa
1096 3330 1249 3420 prasentia

98 3442 208 3527 ejuro
231 3440 311 3507 nihil
334 3463 431 3526 agere
455 3448 598 3526 possent,
622 3441 796 3508 affixeer
818 3439 950 3507 circiter
976 3445 1004 3505 6.
1021 3439 1095 3506 Kal.
1111 3437 1276 3521 Octobres,

94 3567 189 3614 mane
222 3547 265 3614 ad
301 3548 413 3614 valvas
446 3548 593 3613 ecclesiae
625 3548 758 3632 majoris
788 3545 964 3629 Mogontia
998 3544 1073 3611 loco
1106 3540 1249 3612 citationis

96 3651 259 3735 quoddam
283 3653 435 3737 generale
459 3653 610 3732 edictum,
634 3674 698 3717 non
722 3653 845 3718 inserta
868 3650 936 3716 ulla
952 3650 1187 3731 commissione,
1205 3662 1251 3715 nel

96 3756 162 3823 ullo
197 3778 352 3844 expresso
385 3758 512 3823 nomine
546 3757 767 3838 uitandorum,
799 3756 833 3821 in
867 3754 950 3820 hano
975 3757 1186 3823 sententiam:
1209 3752 1250 3834 ,ul

98 3863 244 3949 quisquis
272 3885 332 3931 sua
362 3869 496 3948 putaret
524 3865 697 3943 interesse,
731 3869 936 3948 compareret
958 3861 1042 3929 hora
1065 3864 1166 3930 tertia
1186 3860 1251 3946 ejus·

667 3996 686 4032 ee

167 4080 179 4126 1
201 4074 314 4126 Centum
333 4079 359 4126 et
377 4073 476 4141 decem]
496 4089 576 4141 propo
594 4075 744 4140 nonaginta
756 4090 839 4142 sagon
859 4073 902 4126 dic
914 4080 973 4126 acts
991 4091 1016 4126 a
1037 4090 1054 4125 a
1072 4075 1106 4127 0.
1176 4073 1252 4124 2Prc

93 4163 186 4232 curat}
205 4164 299 4214 Petrus
320 4161 412 4214 suffel
432 4161 464 4212 de
483 4163 637 4228 Niirtingen,
657 4166 706 4213 wie
725 4179 775 4214 aus
795 4163 845 4213 dau
864 4170 925 4213 acta
944 4179 977 4212 nu
996 4163 1118 4214 erseheu.
1187 4160 1251 4212 tlt·

93 4252 199 4320 ticulos]
218 4270 239 4304 s.
259 4259 319 4303 acta
339 4250 394 4300 iud,
414 4250 450 4299 Bb
469 4251 489 4300 B
508 4250 549 4299 iis.
624 4253 639 4299 4
660 4250 801 4320 Vicarium]
821 4251 959 4303 dohennes
974 4253 1091 4303 Wacker
1109 4269 1131 4304 s.
1151 4269 1173 4304 o.
1193 4246 1252 4300 1499·

94 4342 197 4392 bleta
216 4341 296 4392 indic.
315 4341 337 4390 B
356 4339 390 4387 iib
413 4338 450 4402 ig.
524 4338 622 4403 dlmp.
648 4339 746 4405 mand]
770 4341 821 4390 Ein
847 4340 967 4402 solches,
996 4356 1042 4390 um
1068 4340 1141 4392 diosc
1164 4338 1253 4390 reiter-

94 4427 249 4482 schienenes
273 4431 309 4484 ist
333 4424 409 4482 nicht
433 4423 561 4482 erhalten.
597 4424 660 4498 v31.
683 4427 749 4482 liber
771 4428 815 4483 die
839 4426 986 4498 erathluug
1009 4428 1141 4483 Benchlin
1165 4423 1252 4480 silli·
