2716 4898
597 276 662 344 2⁷1

126 594 171 662 Et
186 603 320 682 postero
337 596 389 663 dio
406 596 483 665 dum
500 600 540 667 de
558 623 646 668 more
664 601 851 681 induuntur,
866 600 1218 668 intereameminerunt

37 700 108 786 ejus
140 700 312 768 diversorii
355 705 509 789 cauponis
542 707 641 772 verba
681 706 775 791 longa
814 712 847 772 et
881 706 987 787 varia,
1025 706 1144 793 quibus
1174 705 1218 772 ad

35 805 211 875 hesternas
227 808 339 893 epulas
351 809 534 895 hospitibus
550 813 752 878 recensuerit
764 811 863 878 fuisse
879 810 1036 898 quasdam
1053 811 1214 897 superiori

36 911 91 978 die
124 933 147 979 a
173 934 309 980 romana
347 917 438 981 curia
468 916 732 983 Francoiordiam
764 918 879 982 missas
912 904 1150 1001 propositiones
1183 922 1218 983 et

36 1017 263 1085 conclusiones
304 1027 419 1087 contra
453 1021 676 1089 inhibitionem
715 1022 935 1107 apostolicam
964 1021 1007 1088 ab
1038 1022 1216 1090 Astaroto¹

36 1124 183 1209 quodam
206 1122 299 1191 fictas
331 1133 364 1192 et
392 1127 601 1194 concinnatas
633 1129 789 1193 adversus
813 1126 862 1192 Jo.
894 1125 1048 1192 Reuchlin
1081 1135 1223 1213 proptor¹

35 1229 142 1296 libros
169 1252 232 1296 non
267 1232 503 1299 comburendos
532 1235 600 1318 jam
629 1234 702 1318 plus
730 1233 950 1317 quinquennio
974 1233 1121 1301 crudeles
1144 1255 1219 1319 per-

36 1336 225 1402 secutiones
240 1337 429 1405 iunocenter
452 1360 491 1405 ac
514 1339 610 1404 simul
634 1340 741 1404 animo
765 1339 841 1404 lorti
866 1345 899 1404 et
919 1339 1059 1406 infracto
1082 1360 1216 1425 passum

36 1462 106 1526 prae
130 1440 256 1508 foribus
280 1444 448 1527 sapientiae
477 1466 516 1510 ac
545 1444 741 1529 templorum
774 1444 942 1510 vestibulis
968 1447 1077 1511 Romae
1100 1424 1216 1511 affixas

37 1552 71 1612 et
99 1567 177 1612 mox
208 1548 240 1611 in
273 1547 395 1628 lutum,
435 1556 563 1615 stercus
596 1556 630 1616 et
655 1571 777 1614 caenum
813 1548 859 1614 ibi
886 1552 1050 1635 projectas
1080 1558 1115 1616 et
1142 1572 1216 1616 con-

37 1651 189 1718 culcatas
205 1651 218 1690 ²
236 1653 335 1737 justis
361 1676 401 1720 ex
423 1656 531 1721 causis
564 1662 632 1720 turn
658 1657 735 1740 quia
758 1662 878 1740 praeter
901 1655 1023 1720 Summi
1048 1653 1215 1721 Pontificio

40 1757 243 1837 voluntaten,
261 1766 294 1824 et
305 1759 428 1845 absque
445 1760 786 1826 reverendissimorum
799 1760 946 1845 judicum
962 1761 1087 1841 notitia,
1105 1781 1215 1827 coram

39 1862 158 1949 quibus
176 1884 215 1929 ea
238 1863 278 1929 lis
300 1872 376 1949 post
391 1868 535 1932 Astaroti
559 1866 812 1952 appellationem
838 1865 996 1932 hactenus
1019 1866 1158 1933 triennio
1181 1865 1216 1932 iu
1240 1932 1249 1943 ,

38 1967 306 2053 Curiapenderet
314 1970 379 2036 tale
396 1971 522 2037 facinus
531 1972 863 2037 fuissetattentatum:
882 1978 952 2038 tum
960 1973 1047 2058 quod
1057 1971 1215 2039 universis

39 2074 259 2141 innotesceret
275 2097 344 2141 eam
367 2079 637 2162 conscriptionem
654 2078 868 2162 apertissimis
885 2086 1015 2146 scatere
1031 2077 1214 2147 mendatiis.

126 2180 292 2266 Principio
316 2204 444 2268 nanque
473 2183 618 2268 polliceri
643 2185 831 2249 Astarotum
862 2185 895 2249 in
918 2186 1095 2269 prasentia
1117 2184 1215 2268 Papae

38 2286 262 2353 conclusiones
286 2309 340 2353 eas
363 2288 432 2354 iore
456 2288 669 2375 disputandas
702 2295 735 2354 et
758 2288 880 2374 Papam
905 2295 1014 2355 tamen
1038 2289 1214 2374 negavisse

34 2412 69 2458 ac
86 2401 178 2459 certe
195 2393 410 2477 prohibuisse,
426 2396 577 2479 quoniam
594 2395 626 2459 in
651 2393 761 2459 multis
778 2402 892 2461 aestate
911 2395 1059 2480 proxima
1074 2392 1212 2479 publicis

35 2498 143 2565 Romae
168 2499 367 2566 sessionibus
392 2501 511 2566 habitis
536 2522 575 2567 ea
598 2522 699 2567 causa
721 2500 816 2585 plene
841 2500 956 2566 fuisset
984 2500 1152 2585 disputata
1176 2503 1211 2564 et

35 2603 183 2672 discussa
204 2625 312 2671 coram
329 2606 523 2673 doctissimis
540 2606 650 2672 mundi
676 2605 861 2687 luminibus,
878 2604 1020 2671 ecclesia
1041 2602 1209 2671 catholicae

37 2709 193 2794 praelatis,
204 2708 643 2797 archiepiscopis,episcopis,
657 2711 861 2796 generalibus
876 2712 1037 2791 ordinum,
1054 2716 1086 2776 et
1102 2729 1214 2776 eornm

37 2815 315 2900 procuratoribus,
326 2819 585 2902 poenitentiariis,
600 2817 797 2897 doctoribus,
810 2837 926 2901 magno
944 2837 1079 2882 numero
1091 2815 1214 2882 theolo-

35 2922 93 3007 giae
105 2922 258 3007 jurisque
272 2923 475 3007 peritissimis
491 2923 577 3003 viris,
596 2924 650 3008 qui
675 2923 872 3007 Gapniouem
892 2943 962 2989 esse
979 2920 1214 2989 absolvendum

37 3027 269 3094 decrevissent.
294 3029 417 3095 Deinde
426 3029 511 3114 quod
523 3029 733 3112 ignominiose
753 3029 945 3113 apellaverit
958 3029 1088 3096 oculare
1098 3051 1211 3114 specu·

36 3131 97 3201 lum
110 3133 268 3200 scandala
279 3141 312 3199 et
323 3135 516 3200 seutentiam
528 3156 679 3200 erroneas
693 3134 916 3217 continentias,
928 3158 1000 3200 cnm
1013 3143 1120 3202 tamen
1131 3135 1214 3201 liber

37 3239 98 3306 iste
121 3240 165 3305 sit
184 3261 244 3324 per
264 3240 475 3326 apostolicam
500 3242 695 3308 sententiam
711 3238 878 3307 diffinitive
900 3240 1095 3306 admissus³
1132 3241 1214 3306 Tum

39 3345 139 3411 etiam
153 3345 240 3431 quod
252 3344 292 3411 de
309 3347 423 3412 eodem
436 3347 521 3413 libro
542 3347 589 3413 ita
602 3348 779 3430 scripserit,
793 3347 879 3431 quod
896 3347 970 3411 sita
990 3345 1131 3430 quinque
1145 3344 1214 3410 uni-

37 3451 248 3518 versitatibus
262 3452 382 3517 dudum
391 3453 457 3537 igni
474 3453 636 3533 addictus,
654 3475 725 3538 quae
737 3459 805 3518 erte
820 3457 894 3517 sunt
907 3473 1003 3516 merae
1017 3472 1107 3534 nugae
1123 3450 1214 3517 clara

39 3563 71 3623 et
94 3557 236 3624 candida
251 3559 421 3625 mendacia
444 3561 521 3644 quia
536 3557 626 3624 nulla
642 3558 674 3622 in
694 3558 779 3623 omni
798 3565 961 3623 terrarum
987 3555 1064 3622 orbe
1089 3557 1132 3622 sit
1155 3561 1213 3624 aut

37 3661 139 3730 fuerit
155 3663 348 3731 universitas
366 3686 436 3749 quae
453 3664 584 3731 oculare
596 3664 761 3747 speculum
773 3662 1045 3739 condemnaverit,
1068 3663 1125 3728 sed
1142 3669 1211 3730 tau·

36 3774 108 3835 turn
121 3770 298 3857 singularia
309 3771 457 3856 quaedam
468 3771 614 3854 capitosa
625 3772 732 3854 capita
741 3771 764 3849 4,
780 3769 1115 3854 vertiginosocerebro
1124 3769 1213 3835 heto-

36 3875 137 3942 rolita
160 3883 194 3942 et
210 3878 323 3961 supino
340 3898 450 3942 errore
467 3877 605 3961 decepta
619 3874 925 3941 conventiculariter
941 3881 973 3940 et
994 3873 1211 3959 conspirativa

38 3987 154 4047 contra
179 3982 263 4067 juris
288 3989 320 4048 et
339 3982 480 4067 justiicae
510 3983 647 4047 formam
680 3983 712 4046 in
741 3981 872 4047 oculare
907 3981 1074 4066 speculum
1109 3979 1210 4048 livore

620 4109 638 4150 *

115 4206 125 4252 l
149 4200 334 4254 Hocbntrateu.
409 4206 422 4250 2
443 4200 503 4268 Vgl.
523 4200 652 4252 Reuchlin
677 4217 697 4251 s.
722 4202 782 4251 319.
855 4202 871 4251 3
892 4199 943 4250 Die
961 4199 1081 4266 Spciercr
1104 4203 1213 4250 sentens

40 4292 73 4342 29
99 4291 174 4343 Mttrn
202 4293 276 4343 1514.
351 4290 466 4341 4Niclrr
496 4289 538 4341 dic
567 4291 772 4354 univcrsitttten,
804 4289 917 4342 scudem
945 4288 987 4342 dic
1013 4287 1213 4356 theologisclren

39 4379 185 4431 iscultlttcu
206 4381 232 4430 in
256 4379 352 4430 [rbvren
373 4394 390 4429 u
419 4397 439 4430 s.
460 4395 494 4431 rr.
