2716 4898
648 266 712 333 118

102 458 239 527 Sletstat
261 463 416 542 corrupta
431 455 676 523 nomenclatura
698 460 814 522 vocant
836 454 960 521 decima
975 453 1048 520 lune
1064 451 1252 520 Novembris.

100 567 194 632 Auno
217 586 238 630 a
261 563 390 631 Christo
413 569 491 631 nato
516 563 662 628 DDDIX.

191 673 353 734 Gedruckt:
374 679 447 732 1:
459 672 491 732 C.
504 691 531 733 v.
549 689 575 732 e.
591 690 609 747 g
627 676 663 732 4Β
677 673 721 733 bis
736 690 754 746 g
772 674 821 745 5·;
840 675 858 730 2
873 671 953 732 εὖ.
970 689 996 730 v.
1013 687 1038 730 e.
1056 672 1067 731 i
1083 674 1173 745 2sq.;
1191 672 1253 730 3:

102 780 133 841 0.
150 797 177 840 v.
194 797 220 841 e.
236 780 265 840 11
280 778 329 840 lol.
349 781 408 839 52·
423 778 468 838 bis
484 773 554 838 53¹1.

641 933 737 1000 CXII.

172 1025 311 1090 fltuttgart.
1013 1023 1047 1072 29
1068 1020 1133 1071 Deo.
1156 1022 1225 1071 1509.

101 1129 266 1205 Joanues
293 1128 476 1203 Reuuhlin
503 1128 579 1202 LL.
610 1128 738 1202 ‹lootor
764 1127 869 1201 fratri
895 1127 1052 1201 Nioolao
1080 1123 1254 1224 Ellenbog

597 1252 763 1326 salutem.

189 1375 370 1460 Impetrare
409 1373 570 1441 debueras
604 1376 746 1440 omnium
778 1375 915 1440 maxime
948 1372 989 1439 de
1016 1371 1150 1458 Cratylo
1184 1375 1253 1457 quae

100 1502 121 1545 a
149 1501 200 1546 me
229 1479 403 1565 postulasti
432 1479 566 1546 Nicolae
602 1479 836 1559 amantissime,
875 1479 902 1544 si
930 1500 994 1544 nou
1027 1499 1078 1543 me
1112 1477 1253 1544 hacteuus

99 1586 273 1652 trimestris
309 1585 494 1670 aegrotatio
523 1587 571 1650 ita
601 1585 832 1669 oppressisset,
860 1590 897 1650 ut
925 1583 975 1649 vel
1006 1583 1140 1650 oonsilio
1169 1583 1253 1649 medi-

100 1714 210 1758 corum
245 1713 266 1758 a
301 1690 406 1757 literis
446 1690 673 1757 abstinendum
709 1689 816 1755 fuerit.
876 1689 979 1753 Taceo
1017 1689 1134 1756 virium
1167 1689 1252 1755 imbe-

98 1797 266 1864 cillitatem
290 1817 418 1881 quana
441 1797 620 1880 potuissem
644 1796 774 1881 quidem
797 1795 928 1861 lectioni
951 1814 1076 1875 nauare,
1101 1795 1129 1860 si
1152 1796 1252 1861 voluis

100 1923 177 1968 sem.
223 1899 403 1985 Sperabam
436 1901 597 1985 quotidie,
628 1907 666 1966 ut
697 1907 773 1966 suut
802 1922 855 1966 res
884 1899 1055 1979 humanae,
1085 1900 1119 1964 iu
1151 1900 1251 1967 bonan

103 2027 155 2071 me
184 2005 402 2071 valetudinem
425 2012 701 2086 resurrecturum3
733 2005 790 2072 sed
822 2005 877 2090 qui
908 2026 979 2071 sum
1006 2007 1115 2071 tenaci
1150 2007 1252 2092 pituita

102 2108 253 2176 conditus
283 2109 369 2175 diem
399 2111 439 2176 de
475 2111 527 2177 die
558 2111 714 2197 protraho
745 2112 947 2195 salutemque
979 2111 1056 2177 deos
1086 2132 1153 2178 oro.
1197 2113 1252 2177 Hoc

102 2215 219 2281 iccirco
248 2214 290 2280 ad
317 2221 351 2281 te
379 2217 594 2283 trementibus
625 2217 768 2301 digitulis
791 2217 911 2297 scrib0,
935 2222 972 2282 ut
994 2238 1187 2302 pernoscas,
1209 2238 1251 2281 ua·

103 2326 212 2386 turam
242 2320 474 2405 impedimento
505 2323 615 2403 fuisse,
643 2344 684 2388 ne
708 2322 769 2388 tibi
790 2344 914 2388 morem
936 2344 1055 2407 geram.
1102 2323 1205 2402 Quare
1225 2328 1251 2388 ut

104 2425 226 2492 diutius
258 2426 368 2493 libello
399 2432 456 2493 tuo
488 2449 552 2494 non
585 2448 718 2508 careas,
750 2429 844 2495 mitto
876 2450 949 2495 eum
972 2426 1032 2493 tibi
1057 2428 1171 2494 eadem
1193 2429 1252 2494 sul-

105 2533 227 2598 stantia
254 2553 319 2618 qua
346 2531 391 2598 ad
414 2555 466 2598 me
495 2533 641 2598 accessit.
687 2534 730 2599 Et
758 2534 903 2618 quamvis
935 2534 1159 2618 gravissimum
1188 2533 1251 2598 mili

103 2638 162 2717 sit,
189 2659 241 2702 me
271 2638 332 2704 tibi
356 2660 419 2704 uon
441 2637 587 2722 potuisse
611 2637 754 2723 placere,
777 2645 885 2705 tamen
909 2640 942 2704 in
966 2639 1082 2705 damno
1114 2641 1175 2706 tibi
1201 2660 1250 2705 nou

97 2743 182 2807 tanti
205 2741 312 2808 fuerit.
358 2744 485 2809 Poteris
509 2744 593 2808 euim
616 2743 656 2809 de
673 2743 866 2810 dictionario
881 2766 997 2830 graeco
1013 2747 1040 2811 si
1063 2746 1150 2831 quod
1166 2746 1250 2812 habes

99 2868 210 2913 omnes
237 2851 274 2912 tu
302 2847 372 2932 ipse
403 2847 548 2914 defectus
581 2848 742 2934 supplere.
787 2852 852 2916 Res
881 2849 985 2918 facilis
1010 2853 1073 2917 erit
1095 2873 1159 2917 non
1188 2850 1250 2916 diffi-

98 2952 176 3017 cilis.
224 2951 316 3030 Quod
347 2954 374 3019 si
405 2952 480 3020 boui
511 2954 710 3021 consulueris
742 2960 775 3021 et
804 2955 901 3022 deum
928 2978 988 3040 pro
1020 2977 1093 3023 mea
1126 2959 1250 3024 sanitate

100 3056 283 3139 rogaveris,
312 3057 345 3121 iu
376 3057 440 3123 alio
470 3060 530 3125 tibi
562 3061 734 3126 restitutus
764 3062 896 3127 sanitati
928 3084 1023 3146 spero
1054 3065 1249 3149 complacere.

99 3160 269 3226 Foelioiter
293 3161 373 3227 vale.
420 3163 470 3227 Ex
493 3163 688 3249 Studgardia
711 3173 731 3231 4
754 3167 805 3231 Kl.
829 3167 1000 3233 lanuarias
1025 3173 1120 3234 1509.

184 3270 257 3330 Meo.
275 3270 427 3346 Ellenbog.
444 3271 493 3332 lib.
511 3274 525 3332 Ι
540 3274 624 3348 epist.
643 3278 694 3335 74.
710 3275 759 3335 fol.
779 3279 846 3338 652.

624 3430 740 3503 CXIII.

168 3522 357 3576 Ottenbeuren.
1016 3530 1047 3576 21
1069 3526 1132 3579 Jan.
1154 3530 1225 3578 1510.

163 3621 205 3695 F.
235 3622 416 3698 Nicolaus
443 3622 633 3723 Ellenbog
663 3623 808 3698 doctori
836 3621 1022 3723 Capnioni
1050 3623 1087 3700 S.
1119 3626 1155 3700 d.
1179 3630 1200 3698 ¹.

187 3754 308 3837 Accepi
323 3753 438 3821 literas
454 3761 537 3837 tuas,
562 3758 611 3822 vir
626 3755 856 3835 literatissime,
879 3777 951 3821 enm
968 3756 1101 3842 cratylo
1120 3758 1133 3797 ²
1149 3758 1253 3843 quibus

96 3856 237 3923 adversa
262 3865 295 3925 te
319 3860 503 3926 valetudine
527 3861 677 3929 teutari³
701 3861 849 3927 dolenter
871 3863 990 3947 aooepi.
1036 3863 1184 3932 Labores
1199 3863 1254 3930 tu⁴

674 4015 692 4054 n

169 4103 180 4149 1
201 4101 232 4152 N.
257 4101 286 4152 Ε.
309 4102 381 4168 prior
406 4103 558 4152 monasterii
583 4103 787 4157 ottenburensis
812 4105 910 4156 douuui
934 4104 1062 4157 Reuebliu
1088 4109 1142 4159 LL.
1164 4105 1256 4159 doctori

94 4186 121 4237 S.
143 4188 166 4239 d.
187 4205 211 4255 p.
233 4193 273 4241 2..
294 4195 318 4241 4.
394 4193 408 4239 2
429 4190 482 4240 Der
501 4191 598 4259 ausaug
616 4192 699 4244 lautet
717 4195 744 4243 in
765 4198 806 4244 2..
827 4198 854 4243 4:
879 4193 1007 4247 Redditus
1026 4202 1067 4248 est
1089 4196 1154 4247 mibi
1174 4198 1255 4262 Crnty-

94 4274 136 4325 lus
159 4292 211 4327 uua
235 4292 293 4328 eum
319 4277 404 4329 literis
428 4279 479 4327 tuis
504 4280 545 4330 vir
567 4280 615 4344 lit,
638 4281 693 4348 vgl.
713 4281 780 4333 oben
799 4298 854 4334 nro.
875 4281 956 4334 cx11.
1031 4288 1046 4335 3
1067 4287 1173 4356 tentari]
1192 4287 1255 4338 labo·

93 4379 150 4414 rere
172 4369 214 4415 2..
234 4370 257 4415 4.
333 4369 348 4413 4
369 4365 494 4434 Labores]
514 4369 633 4432 gravaris
654 4373 695 4420 2..
715 4376 739 4420 4.
