2716 4898
622 294 664 364 57

62 482 233 569 flagitasti,
262 485 332 572 ipse
361 507 421 572 pro
444 491 554 552 vetere
582 485 730 553 amicicia
752 490 864 554 nostra
886 492 920 554 et
948 487 1084 574 antiqua
1105 510 1228 558 morem

63 589 126 656 tibi
140 591 274 676 gerendi
297 593 528 659 consuetudine
545 593 689 660 laborem
713 592 897 659 abeundum
919 612 990 661 esse
1013 596 1091 661 mihi
1117 598 1228 682 putavi

64 697 181 763 nevel
211 719 313 783 opera
342 704 441 784 atque
470 698 626 765 sedulitas
656 721 729 765 mea
761 719 889 784 semper
920 699 1064 785 alioquin
1087 701 1231 769 officiosa

64 803 126 868 tibi
162 803 278 869 saltem
306 805 340 870 in
370 826 406 871 re
435 805 620 872 necessaria
644 805 784 871 defuisse
815 805 917 870 videri
950 812 1069 891 posset.
1115 809 1231 894 Itaque

65 910 246 976 oraticnem
268 918 360 977 tuam
383 911 426 977 ad
448 917 481 977 te
505 911 599 977 mitto
624 933 695 997 quae
710 917 844 996 propter
866 912 968 997 ipsius
987 933 1144 977 summam
1169 915 1232 980 ele-

64 1017 209 1101 gantiam
243 1017 497 1104 dignitatemque
530 1017 699 1083 verbcrum
725 1023 758 1082 et
780 1018 972 1102 gravitatem
996 1020 1231 1087 sententiarum

65 1122 165 1208 digna
187 1123 257 1189 visa
280 1129 410 1190 estnon
425 1145 498 1190 mea
512 1129 639 1189 tantum
656 1145 752 1189 manu
769 1123 922 1205 describi,
940 1125 970 1201 ὅς
985 1126 1232 1192 amicirculus

63 1239 110 1293 τῶ
126 1227 209 1318 ἄκρῳ
226 1221 367 1316 δακτύλῳ
382 1226 515 1320 ἡψάμην,
531 1230 589 1297 sed
604 1231 732 1297 omnino
748 1229 867 1315 ubique
883 1236 1044 1297 terrarum
1060 1230 1132 1316 legi,
1149 1232 1231 1298 adeo

63 1340 103 1401 tu
126 1333 257 1420 quidem
281 1337 402 1414 emnia,
426 1337 473 1401 ita
497 1358 547 1401 me
571 1336 659 1402 deus¹
675 1342 775 1416 amet,
800 1336 935 1416 diserte,
960 1337 1152 1420 prudenter,
1175 1359 1230 1422 ap-

64 1441 172 1526 posite
197 1440 374 1526 explicasti.
420 1443 488 1527 Ego
511 1449 621 1508 tamen
644 1447 681 1508 ut
703 1442 800 1522 selec,
823 1463 962 1526 propere
982 1444 1175 1528 transcripsi
1198 1450 1232 1509 et

65 1538 270 1638 ἰδιογέγραφα.
310 1548 442 1614 Utinam
466 1548 509 1614 sit
537 1549 571 1613 in
593 1548 655 1613 hac
679 1546 868 1614 difficillima
890 1555 1074 1632 temporum
1097 1547 1232 1615 difficul-

64 1657 146 1731 tate,
170 1653 257 1737 qnod
280 1659 313 1720 et
342 1660 380 1720 tu
403 1653 536 1720 caelesti
558 1653 714 1738 praeditus
738 1653 923 1739 eloquentia
951 1654 1086 1720 mereris
1118 1660 1151 1720 et
1173 1676 1232 1721 nes

63 1757 162 1824 amici
181 1759 314 1825 laudum
330 1766 460 1826 tuarum
476 1781 652 1845 praecones
677 1759 786 1826 videre
810 1760 966 1847 cupimus.
1002 1759 1091 1839 Vale,
1114 1759 1232 1826 doctis·

65 1863 147 1930 sime
171 1864 221 1930 vir
251 1866 407 1952 principis
430 1867 478 1933 tui
501 1871 642 1945 ornator,
675 1865 715 1931 de
731 1866 878 1931 Bavariae
901 1864 996 1932 dcmc
1019 1887 1058 1932 ac
1080 1871 1151 1932 toto
1174 1865 1232 1932 im·

63 1970 156 2055 perio
173 1971 317 2038 Romano
341 1971 423 2038 bene
439 1973 563 2053 merite,
587 1972 786 2057 praecipuum
801 1971 970 2052 communi,
985 1971 1101 2058 patriae
1124 1972 1230 2038 decus.

64 2077 185 2144 Rcmae.
232 2079 324 2144 Anno
346 2078 432 2144 ΜΗ
455 2079 494 2144 D.
512 2079 525 2120 ²

157 2184 322 2248 Gedrnckt:
348 2193 426 2248 1:
442 2187 473 2248 C.
491 2205 517 2248 r.
535 2205 560 2249 e.
578 2191 656 2264 38²3
675 2191 692 2247 2
708 2189 787 2248 εὖ.
803 2205 831 2248 v.
848 2187 962 2262 e.kii;
981 2186 1146 2253 ὅταν.
1162 2202 1188 2246 e.
1203 2185 1232 2248 11

63 2287 240 2353 memb

107 2427 120 2450 ·
138 2467 295 2537 Backnang.
601 2379 697 2448 LXV·
878 2469 962 2535 (Nach
983 2473 997 2518 7
1017 2469 1087 2535 Aug.
1109 2468 1195 2534 llas).

60 2544 352 2644 Petrtn'dacobi
375 2565 607 2664 Arlunensis,
637 2567 857 2670 praepositus
884 2566 924 2641 in
949 2564 1156 2664 Backnang
1183 2589 1232 2639 an

556 2690 741 2768 Renchlin

61 2812 160 2881 theilt
183 2813 252 2894 mit,
276 2814 352 2882 dass
375 2813 430 2882 R's
454 2815 531 2883 rede
554 2837 612 2884 vor
634 2815 725 2883 Alex.
748 2815 794 2882 Vl
816 2814 876 2880 mit
898 2816 1080 2898 vergntigen
1104 2809 1233 2896 gelesen

59 2992 137 3044 nicht
155 2991 324 3057 bestimmen,
350 2992 395 3044 der
420 2994 501 3060 brief,
526 2995 575 3047 sui
594 2933 853 3060 denffQuestcmberg
877 2992 1012 3055 hinwcist,
1036 2991 1072 3042 ist
1094 2988 1169 3039 nicht
1194 3002 1233 3038 er·

59 3080 167 3143 halten3
196 3078 258 3132 dass
284 3097 312 3133 es
338 3081 407 3134 noch
433 3082 471 3132 im
495 3083 572 3148 jshre
602 3086 669 3134 1498
695 3084 824 3150 geschah,
853 3081 922 3133 lehrt
947 3078 1131 3146 vorliegender
1157 3074 1233 3126 briei.

59 3155 136 3221 llbar
153 3168 199 3220 die
217 3168 292 3236 rede,
312 3171 359 3221 sul
375 3169 417 3221 die
436 3158 494 3222 hier
511 3172 598 3238 bezug
617 3187 774 3239 gencmmen
793 3170 842 3235 ist,
861 3173 915 3238 vgl.
935 3168 1065 3221 Renchlin
1083 3185 1105 3219 s.
1129 3171 1177 3220 152
1196 3171 1233 3234 fg.

59 3258 105 3310 Sia
125 3258 162 3310 ist
180 3258 311 3325 gedrnalst
327 3265 338 3310 1
352 3260 379 3309 in
393 3260 530 3327 folgenden
544 3260 779 3328 separatausgabe:
798 3252 847 3310 ΔΙ)
861 3259 1109 3311 AunannnUM
1124 3259 1231 3309 Sextum

58 3347 216 3414 pontificem
233 3347 377 3398 maximum
389 3365 435 3415 pro
448 3349 571 3416 Philippo
584 3351 704 3399 Bauariae
724 3348 790 3398 duce
805 3348 924 3399 Palatino
937 3348 1020 3397 Rheni
1034 3348 1107 3398 Sacri
1120 3347 1233 3398 Romani

58 3436 168 3502 Imperii
188 3436 302 3489 electore
320 3437 433 3488 loannis
452 3437 581 3489 Renchlin
600 3437 755 3503 phorcensis
773 3438 848 3502 begu
868 3437 981 3486 doctoris
1002 3437 1094 3485 oratio.
1117 3435 1155 3483 vii
1173 3434 1233 3485 idua

59 3523 178 3575 Sextiles
198 3527 274 3575 Anno
294 3527 390 3576 nun.
410 3526 505 3576 Romae.
545 3526 649 3577 Dareus
658 3525 726 3592 fcigt
737 3524 909 3574 unrnittelber
923 3525 968 3573 der
981 3531 1035 3573 text
1051 3528 1081 3573 12
1103 3522 1148 3575 bll.
1161 3525 1190 3573 in
1201 3528 1232 3574 4⁰

60 3629 76 3663 a
91 3618 113 3663 1.
128 3611 171 3663 bis
184 3614 234 3675 ab,
248 3612 289 3664 die
303 3615 416 3681 librigen
428 3615 589 3681 unpsginirt.
615 3613 744 3665 Amenda
758 3612 804 3664 der
816 3613 912 3663 letzten
926 3613 991 3663 seite
1005 3612 1135 3679 ungetlthr
1147 3613 1175 3663 in
1187 3612 1234 3665 dar

59 3702 148 3751 mitte:
174 3700 305 3766 Venetiis,
324 3703 415 3753 Galen.
435 3702 565 3770 Septemb.
586 3701 685 3753 MJID.
724 3704 755 3754 In
772 3701 873 3754 adibus
899 3700 960 3752 aldi
980 3702 1094 3752 Manutii
1112 3701 1233 3753 Romani.

61 3789 177 3840 2:01.
198 3806 224 3840 v.
244 3807 266 3841 e.
287 3809 304 3842 n
325 3794 355 3842 31)
373 3791 415 3843 bis
435 3809 450 3842 ο
471 3797 515 3862 4⁸3
540 3794 554 3841 3
575 3812 610 3834 =
629 3791 728 3856 Mujns,
753 3791 771 3841 l.
791 3806 813 3841 c.
833 3807 853 3842 s.
876 3791 926 3842 195
949 3789 991 3840 bis
1012 3793 1073 3842 209.
1111 3791 1166 3840 huf
1187 3806 1233 3840 un·

60 3892 118 3928 aera
140 3876 204 3928 rede
226 3879 331 3930 beaieht
355 3879 412 3930 sich
438 3880 484 3931 dar
506 3879 576 3930 brief
599 3895 655 3930 nro.
680 3877 760 3943 LXV,
785 3879 870 3932 ferner
895 3881 938 3930 ein
963 3879 1103 3929 schreiben
1128 3878 1233 3929 Conrad

58 3967 177 4016 Muciana
204 3983 237 4017 sn
261 3966 350 4019 Urbsc
377 3969 570 4033 (Mutianschar
594 3968 696 4019 briefw.
722 3968 820 4019 r01.4a
846 3969 895 4034 fg.;
921 3966 1030 4018 Tentzel
1059 3964 1146 4031 Suppl.
1172 3965 1231 4014 hist.

59 4052 136 4106 Goth.
157 4070 178 4106 s.
200 4057 233 4105 63
254 4055 301 4120 ff.)‚
327 4057 354 4105 in
379 4056 505 4111 walchem
530 4056 576 4108 der
604 4063 702 4109 erstere
729 4056 824 4119 tadelt,
852 4055 913 4107 dass
938 4056 966 4106 R.
993 4055 1044 4106 dan
1069 4053 1232 4120 pislngrnlcn

58 4141 171 4195 dictator
189 4160 289 4208 nenne,
310 4146 402 4198 insint:
432 4145 480 4196 Vel
500 4161 595 4212 presses
615 4154 655 4197 est
672 4147 826 4213 provinciae,
850 4150 878 4194 ut
903 4144 1029 4212 magister
1053 4142 1169 4207 equitum
1188 4146 1233 4192 sut

59 4232 184 4296 militurn,
212 4233 254 4283 vel
281 4234 402 4287 tribunus
427 4235 556 4298 celarum,
583 4234 626 4285 vel
650 4234 753 4301 legatus
778 4232 954 4301 imperatoris,
981 4229 1023 4281 vel
1043 4244 1130 4280 comes
1148 4228 1232 4300 largi·

59 4322 160 4372 tionum
186 4320 242 4372 und
269 4321 341 4373 disse
368 4322 471 4374 ansicht
499 4322 569 4372 daun
596 4323 761 4376 austthrlich
791 4322 839 4374 mit
868 4319 1088 4394 quellcnbslegen
1116 4321 1230 4379 cruciat.

132 4417 143 4468 1
165 4411 318 4469 conenit.
392 4410 526 4463 2M.l).11
544 4413 569 4466 ὅ.
