2716 4898
629 240 768 351 19‘

55 473 136 541 mihi
159 474 382 540 amantissime
405 474 454 540 tui
476 494 540 539 non
563 473 662 540 etiam
684 475 746 540 hac
769 473 839 540 sola
862 475 930 541 vice
976 475 1089 558 cedas,
1120 478 1169 542 ita
1192 483 1229 543 ut

56 581 198 665 gratiam
220 580 348 646 unicam
372 579 455 644 hane
475 579 562 663 apud
584 586 618 645 te
641 581 801 646 inveniam
825 602 896 665 quae
920 587 1008 647 certe
1037 584 1173 667 posthac
1196 584 1229 647 in

55 686 325 770 consequentiam
348 685 435 750 trahi
457 688 562 768 neque
586 685 705 751 debeat
727 707 831 770 neque
854 688 966 770 possit.
1011 687 1095 765 Quid
1119 696 1229 754 autem

56 792 186 856 tristius
202 812 300 874 quam
324 790 462 856 ocultari
486 791 594 856 lumen
618 790 678 856 sub
694 790 817 856 medie:
843 798 876 855 et
891 792 1081 857 Eunuchum
1099 794 1231 858 Aethio·

56 917 130 980 pem
160 896 286 980 absque
324 896 472 979 Philippo
505 896 622 961 librum
658 897 762 980 Esajae
801 897 894 980 quasi
929 897 1070 962 vinetum
1106 903 1227 964 tenere.
1292 919 1294 925 ·

58 1002 142 1080 Quid
166 1001 336 1085 lugubrius
360 1023 456 1086 quarn
480 1003 660 1085 sapientem
685 1001 852 1068 Danielem
874 1008 1007 1086 captum
1031 1025 1052 1068 a
1074 1002 1228 1070 Barbarie

58 1109 157 1173 etiam
183 1109 213 1173 ei
237 1107 382 1172 Barbare
406 1108 526 1172 servire
543 1107 725 1191 oportuisse
742 1108 845 1191 quiin
862 1129 984 1173 morem
1001 1107 1091 1173 bovis
1107 1108 1228 1174 foenum

58 1214 245 1279 comederet
263 1215 282 1277 ¹.
316 1212 555 1278 Benivolentier
579 1235 649 1278 sum
666 1213 845 1297 Apelliceni
869 1215 946 1297 Teje
970 1215 1061 1298 eujus
1087 1214 1228 1279 Strabon

57 1321 205 1384 meminit
236 1319 292 1401 qui
320 1338 392 1382 cum
427 1319 552 1384 videret
586 1320 768 1384 universam
799 1319 1014 1404 Theophrasti
1046 1320 1227 1386 Aristoteli·

59 1445 194 1508 eamque
220 1422 453 1488 bibliothecam
477 1422 520 1488 ad
543 1423 687 1489 hemines
715 1424 811 1508 plane
834 1425 1002 1508 imperitos
1027 1427 1100 1510 jure
1128 1423 1227 1508 legati

59 1530 244 1596 devolutam
266 1549 383 1610 magne
408 1529 478 1612 ipse
502 1528 563 1592 sibi
580 1550 651 1594 eam
676 1534 709 1594 et
732 1537 851 1594 conatu
875 1537 909 1595 et
932 1538 1065 1614 argento
1088 1532 1121 1595 in
1146 1530 1226 1596 urhe

59 1635 169 1718 Scepsi
202 1621 433 1716 comparavit²
461 1653 532 1717 quae
564 1655 616 1698 res
647 1633 740 1698 nobis
772 1634 1014 1719 majoribusque
1044 1637 1165 1701 nostris
1193 1637 1226 1700 in

58 1761 120 1804 nen
144 1739 343 1804 mediocrem
368 1738 466 1803 cessit
488 1738 759 1804 commoditatem.
805 1738 880 1804 inde
905 1741 989 1804 enim
1013 1741 1132 1806 artium
1150 1740 1226 1806 divi·

59 1846 111 1909 tiae
135 1844 348 1927 thesaurique
376 1843 587 1928 philosophiae
619 1843 662 1908 ad
690 1866 750 1909 nos
777 1866 880 1928 usque
909 1846 1075 1910 devenere.
1121 1848 1228 1931 potuit

58 1948 228 2034 Apellicon
254 1970 412 2032 usurpare
428 1950 633 2033 proverbium
658 1950 742 2033 galle
758 1950 884 2033 Jaspis:
910 1951 1089 2034 Margarita
1110 1952 1226 2036 percis.

60 2055 184 2119 Deinde
207 2053 242 2119 id
269 2053 343 2119 vide
373 2054 459 2139 quod
483 2054 650 2120 Revelatie
680 2076 704 2120 s.
733 2055 868 2120 loannis
898 2057 1050 2122 eontinet.
1096 2078 1170 2121 nam
1200 2058 1227 2122 is

59 2160 111 2224 cni
134 2165 230 2225 erant
253 2165 378 2242 septem
401 2181 522 2225 cernua
545 2161 633 2224 venit
663 2167 696 2224 et
718 2161 845 2243 accepit
868 2161 908 2226 de
940 2161 1056 2226 dextra
1083 2162 1226 2228 sedentis

58 2265 90 2328 in
105 2265 236 2331 Throno
253 2265 371 2330 librum
388 2264 409 2329 ³.
437 2287 500 2329 non
525 2265 659 2330 enimin
673 2287 770 2331 manu
787 2266 895 2331 divina
910 2288 969 2333 nec
984 2267 1070 2351 apud
1087 2273 1227 2352 quatuor

57 2377 89 2434 et
112 2371 226 2453 viginti
249 2371 393 2435 seniores
415 2370 498 2435 liber
520 2371 590 2454 ipse
614 2370 747 2434 archani
770 2373 928 2438 sermonis
952 2395 1143 2456 permanere
1173 2373 1226 2437 de-

56 2474 134 2541 buit·
151 2475 209 2541 sed
234 2483 268 2540 et
290 2475 434 2559 suscepit
457 2476 513 2559 qni
544 2475 659 2558 dignus
684 2483 756 2541 erat
786 2482 819 2542 et
842 2479 972 2561 aperuit
1000 2481 1055 2563 qui
1078 2485 1225 2544 noverat:

56 2602 118 2645 non
143 2581 253 2647 hircus
278 2581 396 2664 aliquis
419 2580 478 2645 sed
501 2602 612 2664 agnus.

144 2688 222 2752 llaeo
245 2687 278 2750 in
301 2693 378 2771 typo
403 2687 524 2769 scripta
547 2706 653 2752 causae
676 2693 795 2753 nostrae
818 2709 882 2753 non
905 2710 1020 2772 parum
1043 2689 1223 2755 conducere

55 2793 213 2858 videntur.
259 2813 333 2856 nam
357 2813 436 2875 paee
461 2798 519 2857 tua
536 2787 684 2857 dixerim:
717 2792 864 2876 prefecto
880 2794 936 2878 qui
952 2794 1151 2878 ejuscemodi
1166 2795 1225 2860 lib·

56 2900 98 2962 ris
122 2919 224 2963 annos
254 2898 337 2962 eitra
367 2897 601 2981 quinquaginta
630 2899 815 2981 praeteritos
846 2921 988 2984 unquam
1018 2923 1095 2966 usus
1125 2899 1225 2964 fuerit

57 3011 105 3068 est
121 3003 183 3067 nisi
201 3025 259 3085 ego
274 3004 343 3086 ipse
359 3002 441 3067 alius
457 3024 562 3080 neme,
582 3003 630 3067 ita
647 3009 683 3068 ut
699 3004 850 3069 dedecori
867 3003 1059 3088 quandoque
1077 3025 1096 3069 a
1111 3004 1225 3089 pleris-

56 3131 117 3193 que
133 3109 237 3172 habiti
261 3109 333 3172 sint.
373 3109 455 3172 cur?
479 3107 630 3191 queniam
646 3129 717 3193 quae
733 3109 876 3173 inessent
891 3109 1085 3192 ignorabant
1101 3130 1223 3174 omnes.

54 3212 121 3278 Nee
146 3214 252 3278 adbuc
274 3214 349 3278 istic
372 3213 461 3298 apud
484 3235 539 3278 vos
570 3219 661 3278 extat
690 3215 745 3298 qui
777 3213 826 3279 vel
855 3236 1048 3297 cognoscere
1079 3219 1225 3297 cuperet.

55 3319 185 3402 Itaque,
216 3325 252 3383 ut
278 3318 365 3400 leges
394 3318 541 3383 humanae
565 3318 746 3402 perhibent,
775 3319 1010 3389 extrahendum
1035 3325 1085 3384 est
1109 3340 1224 3383 aurum

56 3444 75 3487 a
97 3423 255 3488 Barbarie
280 3430 313 3487 et
336 3424 480 3507 praecisis
503 3423 683 3506 unguiculis
706 3424 846 3489 Hebraee
869 3424 988 3489 ducere
1012 3445 1145 3488 uxorem
1161 3424 1222 3488 Pa-

55 3528 215 3602 laestinam
231 3528 405 3613 aliquande
421 3528 521 3594 licuit.
545 3529 718 3594 Molestum
739 3529 875 3594 forsitan
893 3537 943 3594 est
966 3538 1030 3594 tuae
1044 3529 1223 3612 dignationi

56 3654 106 3698 me
123 3632 272 3716 pluribus
288 3634 396 3699 verbis
412 3655 508 3717 agere
525 3642 641 3699 tecum.
679 3635 788 3700 Solum
805 3657 861 3700 eas
881 3656 1007 3718 precor,
1023 3636 1120 3700 etiam
1137 3634 1224 3716 leges

55 3740 283 3823 contempleris
307 3761 389 3825 quas
413 3740 446 3803 in
470 3740 553 3805 libre
577 3739 744 3823 primodo
769 3740 899 3823 Legatis
915 3742 1011 3824 saepe'
1027 3740 1132 3823 legisti
1148 3761 1223 3805 nam

56 3867 92 3910 ee
117 3846 189 3909 leco
213 3847 304 3929 cujus
329 3853 428 3929 caput
452 3851 555 3924 extat3
586 3844 835 3910 filiusfamilias
866 3844 967 3910 miles.
1007 3845 1116 3910 Verba
1144 3845 1224 3927 legis

55 3951 123 4016 lraec
147 3958 235 4016 sunt:
262 3951 294 4016 Si
318 3951 396 4035 quid
420 3951 514 4016 alicui
540 3951 627 4016 licite
651 3951 749 4016 luerit
771 3951 920 4015 relictum
946 3951 1032 4035 qnod
1055 3951 1125 4035 ipse
1156 3950 1225 4033 qui·

55 4057 127 4123 dem
151 4064 287 4141 prepter
309 4059 453 4141 corporis
478 4057 528 4122 sui
551 4058 663 4122 vitium
687 4056 737 4121 vel
760 4061 895 4139 prepter
911 4058 1103 4140 qualitatem
1120 4054 1225 4119 relicti

53 4162 103 4227 vel
134 4162 232 4226 aliam
265 4183 491 4246 quamcunque
520 4161 724 4246 probabilem
754 4182 884 4227 causam
916 4161 976 4226 hec
1008 4161 1128 4225 habere
1159 4180 1223 4223 nen

54 4268 161 4354 potuit
188 4267 272 4333 alius
300 4273 407 4332 tamen
437 4267 498 4332 hec
521 4267 642 4334 habere
665 4269 773 4352 potuit
796 4268 909 4351 quanti
933 4267 1016 4333 solet
1040 4265 1223 4348 comparari

126 4434 136 4491 l
155 4429 215 4503 vgt.
228 4432 299 4484 buch
315 4431 408 4482 Daniel
421 4431 527 4497 passim.
577 4435 591 4479 2
606 4373 699 4480 sdabo
713 4429 785 4492 xltl,
798 4430 818 4492 1,
832 4429 892 4491 609,
906 4428 988 4532 644.ἢ
999 4429 1035 4525 *3
1057 4429 1141 4492 Apok.
1156 4427 1182 4486 5,
1200 4430 1227 4476 7.
