2716 4898
632 298 695 366 361

66 489 128 555 bus
149 490 216 555 suis
233 487 429 572 Stutgardiae
450 511 520 555 esse
544 489 839 575 impeditissimum
864 497 1054 576 expectares
1069 490 1234 557 modicum

66 596 232 681 temporis,
257 617 291 662 se
316 595 444 660 omnino
468 597 528 662 tibi
551 618 669 663 rnorem
690 619 802 684 gerere
824 602 858 663 et
876 597 910 663 in
931 596 1080 663 omnibus
1100 617 1233 682 operam

65 722 187 767 navare
216 700 297 766 velle
326 701 504 767 affirmavit.
551 703 618 787 Ego
647 705 789 770 nundum
817 710 926 770 tamen
950 703 1147 787 Stutgsrdiae
1177 702 1233 783 fui,

66 806 124 872 sed
155 827 226 872 sum
254 807 287 871 in
317 806 406 871 brevi
435 808 542 873 iturus
570 816 603 874 et
631 832 703 875 eum
727 832 765 876 eo
791 810 899 875 omnia
921 809 1036 876 melius
1060 814 1232 888 trasturas,

65 911 194 997 tibique
224 934 334 978 rerum
364 915 511 979 nuntium
536 916 740 982 remissurus.
789 917 908 981 Verum
932 915 1090 1001 quoniam·
1108 935 1166 998 ego
1190 911 1232 980 ed

66 1018 324 1103 recuperandum
349 1020 494 1104 corporis
518 1023 581 1086 mei
603 1021 704 1087 ferme
727 1020 898 1107 deperdita
919 1021 1066 1087 membra
1088 1041 1161 1085 cum
1178 1020 1234 1085 do·

66 1126 153 1190 mino
178 1146 249 1190 meo
273 1126 512 1210 Hirsaugiensis
537 1151 606 1193 sum
632 1128 719 1194 eirca
750 1127 819 1193 dies
843 1127 873 1195 S.
898 1127 983 1192 Galli
1011 1127 1052 1192 ad
1077 1125 1233 1192 Thermas

67 1231 140 1296 illus
172 1230 293 1296 ferinus
321 1234 339 1310 1,
364 1233 392 1296 si
422 1232 516 1316 vulgo
546 1234 628 1299 bene
659 1234 789 1318 loquar,
818 1255 889 1299 sum
920 1233 1034 1298 iturus.
1082 1230 1232 1298 Nondum

66 1337 134 1403 scio
159 1345 192 1401 et
216 1336 297 1401 bene
323 1345 418 1403 etex
441 1341 567 1422 integro
591 1347 714 1406 certum
738 1339 860 1416 faeere,
893 1339 919 1404 si
952 1340 1010 1402 sim
1043 1337 1084 1402 ad
1115 1335 1231 1403 vallem

66 1443 192 1526 Engadi
221 1443 233 1481 ²
269 1443 450 1522 rediturus,
484 1467 544 1509 nou
579 1454 687 1510 temen
722 1446 895 1510 obliviscar
926 1445 1051 1510 interea
1083 1443 1233 1528 principii

67 1548 155 1635 quod
184 1548 243 1614 tibi
271 1551 405 1632 promisi
436 1552 467 1615 in
502 1551 609 1616 divum
633 1552 872 1635 Hieronymum.
920 1550 1046 1614 Etenim
1071 1555 1104 1614 et
1127 1549 1232 1633 ipsum

67 1655 286 1720 demonstrari
316 1655 433 1720 loanni
463 1656 623 1741 Capnion,
656 1659 707 1722 eui
740 1656 880 1740 placuit,
909 1656 1079 1739 ipsumque
1113 1654 1232 1737 rogavi,

66 1767 103 1826 ut
131 1781 190 1826 suo
219 1760 314 1826 docto
345 1762 471 1826 nomine
495 1784 593 1828 unum
618 1763 807 1847 proaemium
838 1758 1047 1844 confingeret,
1078 1760 1137 1845 qui
1165 1781 1233 1825 res·

67 1866 183 1951 pondit
213 1866 305 1947 milri,
333 1866 412 1932 mihi
439 1867 451 1906 ³
479 1869 559 1933 sutis
594 1886 757 1952 superque
790 1866 1026 1934 satisfuturum.
1073 1865 1233 1950 Experiar

66 1979 175 2037 tamen
200 1972 278 2056 quid
302 1975 344 2038 sit
367 1972 514 2039 lecturus
542 1973 666 2058 tibique
696 1973 846 2054 scribam,
871 1994 935 2058 quo
959 1978 1105 2056 tempore
1128 1969 1231 2036 tabel-

66 2078 184 2144 larium
207 2080 400 2162 repperiam.

155 2185 192 2249 In
228 2186 330 2250 einern
364 2190 514 2270 sp'siteren
551 2187 653 2253 briefe
686 2186 820 2268 (Hirsau
856 2189 894 2251 13
929 2183 993 2250 kal.
1027 2184 1098 2249 Oet.
1134 2185 1230 2262 1509)

63 2290 188 2357 kommt
205 2291 396 2356 Leontorius
419 2292 585 2359 nuelrmals
609 2292 668 2359 auf
688 2292 740 2358 die
763 2289 1011 2375 angelegeuheit
1026 2288 1148 2355 uuriiclr
1165 2289 1233 2355 und

62 2396 200 2476 melles,
233 2383 308 2461 dass
338 2419 374 2462 er
404 2419 464 2463 von
490 2399 644 2463 Reuehlin
676 2397 758 2464 noch
788 2397 881 2461 ksine
913 2401 1051 2460 antwort
1083 2392 1231 2459 erhalteu

61 2502 155 2568 habe.
202 2491 291 2568 llbsr
324 2503 467 2570 dissolbe
501 2505 598 2570 sache
632 2503 766 2569 bandelt
801 2501 885 2567 auch
918 2501 970 2566 die
1002 2498 1085 2565 oben
1119 2499 1232 2583 mitge-

61 2608 176 2674 theilte
200 2609 458 2692 correspondens
482 2610 637 2675 zwisebeu
662 2609 819 2676 Reucbliu
843 2607 910 2672 und
936 2605 1117 2672 Amerbach
1146 2609 1230 2692 (nro.

62 2713 175 2792 CXIV,
199 2714 343 2795 CXVIII,
367 2715 501 2782 CXXIII
525 2714 579 2802 ft).
1052 2715 1054 2719 ’
1330 2803 1331 2806 ¹

151 2826 224 2884 Zus.
238 2829 276 2884 43
293 2843 319 2884 a.
331 2830 360 2884 2.
378 2815 458 2885 [lber
473 2827 571 2900 Lupus
579 2844 634 2886 von
644 2827 882 2901 Hermennsgrbn
890 2834 973 2900 trsge
981 2826 1026 2886 leb
1036 2827 1123 2886 nauh:
1139 2825 1229 2887 Eres-

59 2949 122 2990 rnus
140 2931 229 2990 Stella
244 2932 368 2990 schreibt
379 2949 416 2990 au
429 2932 569 3005 Spalatiu,
584 2933 651 2991 dass
661 2932 690 2992 S.
702 2933 749 2992 ein
760 2934 907 3008 exemplar
921 2933 971 2993 des
981 2931 1179 2992 Radevieusin
1188 2934 1229 2992 ei-

58 3054 122 3096 uem
134 3037 244 3097 kloster
255 3039 326 3096 oder
339 3037 385 3097 bei
395 3038 561 3112 Leupoldus
570 3040 829 3114 exHermansgrilu
838 3055 925 3114 eques
934 3045 1053 3098 auratus
1059 3039 1231 3099 bekommeu

59 3143 155 3202 kbune
171 3145 246 3217 prid.
268 3145 307 3203 id.
330 3161 393 3203 nov.
416 3147 508 3204 1518.
541 3147 641 3220 Basel,
666 3145 714 3204 bff.
732 3145 802 3205 bibl.
820 3147 935 3206 bdsubr.
954 3145 988 3206 G.
1006 3147 1028 3220 Ι,
1047 3148 1086 3204 31
1110 3145 1159 3206 lol.
1177 3149 1228 3204 21.

149 3249 192 3307 Zu
213 3266 235 3308 s.
260 3252 334 3308 257.
382 3252 429 3309 leb
453 3251 526 3310 bube
548 3269 606 3310 nun
632 3254 660 3310 iu
684 3252 725 3312 st.
750 3251 852 3312 Galles
878 3250 1038 3324 (stiftsbibl.
1065 3249 1125 3307 BB.
1152 3248 1229 3324 264)

58 3355 105 3412 die
121 3353 224 3414 schrift
238 3355 396 3429 pesundari,
422 3374 477 3416 von
493 3358 544 3416 der
559 3358 594 3416 R.
614 3357 721 3416 Crocus
738 3359 860 3432 spriebt:

148 3460 352 3521 THEODORI
384 3462 465 3521 VIRI
494 3456 498 3542 l
527 3462 795 3536 VNDEOVNQVE
822 3461 827 3543 1
857 3462 1082 3534 DOCTISSIMI
1108 3461 1113 3540 Ι
1139 3461 1229 3522 Liber

58 3574 182 3639 quartus
206 3573 235 3625 et
257 3566 371 3626 vltinms
394 3570 429 3627 de
449 3569 662 3628 constructione
684 3573 689 3640 l
708 3570 742 3628 R.
761 3569 852 3629 Croeo
873 3570 1011 3628 Britanno
1028 3566 1226 3653 Interpraete.l

147 3673 203 3733 Die
230 3690 320 3748 garze
347 3676 448 3748 bbrige
471 3677 542 3734 seite
570 3692 624 3734 rou
653 3677 744 3734 einern
771 3692 892 3748 grossen
916 3674 1106 3734 bolzsubnitte
1129 3675 1227 3749 einge-

55 3796 200 3851 nomrnen‚
218 3797 347 3853 nappen,
365 3780 504 3840 deruuter
520 3781 566 3840 die
581 3781 721 3856 heiligen:
739 3782 854 3854 Merite,
873 3780 1010 3855 Stephon,
1026 3781 1146 3841 Martis.
1178 3795 1180 3801 ·

150 3902 168 3943 a
187 3879 223 3943 lb
238 3885 404 3959 Epigrumm
421 3885 470 3945 des
487 3888 521 3946 R.
541 3886 571 3945 0.
589 3887 802 3947 Loudoniensis
821 3903 858 3946 an
875 3885 1013 3945 erzbisub.
1030 3887 1096 3945 Alb.

149 3995 212 4050 4u.
232 3991 416 4051 35foll.b11.
434 3994 463 4051 in
482 3989 526 4052 4⁰.

146 4098 181 4154 A.
199 4097 234 4157 n.
253 4097 438 4170 Privilegium
455 4115 546 4173 gegeu
558 4096 784 4160 naebdruelruul
798 4104 818 4159 4
830 4100 930 4173 jabre;
948 4098 1100 4159 darunter:
1117 4097 1227 4173 Lipsiae

55 4206 86 4262 in
101 4202 212 4262 aedibus
228 4202 375 4261 Valentini
396 4206 400 4273 Ι
422 4204 584 4262 Sebumann
600 4204 686 4265 Anno
701 4205 861 4266 mnxvl.

639 4339 656 4376 a

126 4423 291 4480 rwilrlbed.
359 4426 551 4497 lliugsuthal.
615 4426 700 4480 wls
722 4426 889 4482 heudsehrilt
908 4427 953 4482 hut
972 4427 1112 4484 feblsrbsrt
1129 4443 1225 4483 meum.
