2716 4898
647 317 715 384 est

93 509 287 577 testimonia.
312 508 480 574 Dedernnt
489 514 522 573 et
532 515 607 592 post
619 509 788 593 episcopos
804 507 1019 574 illustrissimi
1028 507 1260 592 provinciarum

95 616 250 701 presides
273 622 372 699 atque
388 613 487 679 duces
511 614 712 681 nobilissimo
737 615 892 698 sanguine
915 615 1085 698 prognati,
1111 614 1260 681 electores

93 723 221 806 imperii
244 720 425 788 Fridericus
450 720 597 785 Saxoniee
627 725 661 787 et
683 719 864 787 Ludoricus
888 720 1037 785 Bavariae
1060 720 1212 787 Interrex
1234 725 1262 785 et

95 828 162 893 dux
175 826 468 910 Virtembergensis
492 833 525 891 et
548 826 692 892 Marchio
709 825 866 892 Badensis
878 827 1031 910 princeps
1055 831 1092 892 et
1115 826 1261 893 strenuis·

97 935 198 1000 simus
227 934 383 1016 magister
417 931 539 997 ordinis
572 932 838 1013 Teutonicorum,
873 938 907 998 et
936 954 954 998 e
985 932 1121 1016 regione
1155 930 1260 998 horum

96 1038 267 1106 reverendi
298 1060 337 1104 ec
370 1040 438 1104 Deo
471 1036 629 1104 amabiles
666 1038 847 1104 Germanias
876 1035 1062 1122 pontifices,
1099 1038 1259 1122 episcopus

95 1145 344 1222 vermeriensia,
361 1145 531 1227 episcopus
548 1143 801 1228 Argentinensis‚
818 1143 989 1229 episcopus
1006 1143 1259 1210 Constantiensis

93 1252 150 1336 qui
171 1272 223 1316 me
247 1271 338 1315 ovem
362 1271 454 1314 suam
478 1255 590 1333 pastor
613 1251 760 1334 agnoscit
783 1257 816 1316 et
839 1250 1011 1334 epiecopus
1028 1249 1194 1334 Spirensis
1213 1249 1257 1336 ille

95 1363 189 1422 etue
205 1356 385 1422 Sanctitate
402 1355 477 1421 huic
493 1355 543 1420 liti
560 1356 657 1421 datus
668 1356 780 1440 judex,
796 1356 852 1439 qui
867 1355 1046 1421 autoritate
1064 1361 1124 1421 tua
1139 1355 1256 1421 mustus

95 1461 136 1528 de
160 1462 293 1527 coneilio
308 1462 488 1545 peritorum
511 1482 570 1545 pro
595 1483 667 1528 mea
690 1469 724 1527 et
739 1463 932 1545 scriptorum
947 1481 1097 1527 meorum
1118 1461 1257 1527 innocen·

97 1568 145 1634 tia
169 1566 372 1633 diffinitivam
395 1567 470 1632 tulit
501 1569 704 1634 sententiam.
756 1567 838 1633 Cum
861 1567 924 1633 illis
948 1567 1114 1634 dederunt
1143 1568 1255 1652 pariter

98 1675 334 1760 quinquaginta
357 1675 420 1739 tria
445 1673 570 1739 Sneviae
593 1674 738 1759 oppida¹
764 1695 874 1740 omnes
903 1672 1132 1740 officiosissimi
1161 1672 1254 1739 fortis

97 1782 170 1847 simi
194 1787 227 1847 et
249 1781 448 1865 integerrimi
480 1780 541 1844 viri
577 1780 863 1846 commendaticias
896 1779 1053 1863 epistolas
1088 1791 1124 1846 et
1154 1779 1255 1845 literas

94 1893 193 1952 recta
214 1884 289 1952 fidei
313 1884 552 1970 probitatisque
577 1906 657 1951 meae
680 1884 967 1970 indemnitatisqoe
991 1892 1104 1952 testes.
1135 1885 1254 1953 Addunt

93 1992 224 2057 illorum
236 1990 457 2057 testificationi
473 1989 574 2057 robur
582 1998 614 2056 et
624 1991 751 2075 pondus
767 1991 882 2076 insigni
893 1991 1041 2057 doctrina
1058 1998 1092 2058 et
1107 1992 1253 2077 gravitm

1 2157 2 2162 ,
93 2098 220 2183 praelati
232 2099 375 2166 ecclesiae
392 2120 473 2184 quos
486 2099 762 2165 reverendissimis
777 2117 883 2164 causae
890 2096 1057 2182 judicibus
1067 2097 1254 2164 Grimenoet

93 2205 295 2272 Anconitano
308 2205 545 2285 cardinalibus,
558 2205 745 2271 orthodoxae
756 2203 833 2270 fidei
846 2203 1004 2270 columnis
1014 2208 1173 2288 tanquam
1184 2201 1254 2289 peri·

94 2311 192 2396 stylia
198 2311 335 2396 junxisti
347 2312 527 2377 senatorios
545 2332 740 2391 assessores,
757 2310 868 2376 mundi
886 2309 1009 2376 lumina
1022 2307 1254 2395 archiepiscopi,

95 2417 238 2501 episcopi
254 2417 402 2482 ordinum
419 2417 595 2500 generales,
612 2422 644 2482 et
655 2439 765 2482 eorum
780 2423 1008 2501 procuratores
1021 2416 1191 2501 sapientia
1206 2416 1253 2480 Re

95 2543 198 2589 manae
208 2524 428 2608 magistratus,
445 2523 678 2608 poenitentiarii
695 2530 728 2589 et
743 2522 798 2587 alii
810 2522 1091 2607 theologiaeatque
1103 2523 1190 2608 juris
1204 2520 1252 2587 lec·

93 2628 210 2694 tissimi
234 2631 383 2696 doctores
402 2651 462 2714 pro
482 2631 548 2695 suis
571 2629 769 2712 singulorum
786 2628 1008 2713 dignitatibus,
1026 2629 1060 2696 in
1076 2628 1212 2696 historia
1224 2625 1254 2691 de

94 2735 296 2819 temporibus
325 2736 404 2801 meis
433 2735 632 2816 nominandi,
666 2735 722 2820 qui
759 2741 809 2801 tot
838 2733 1035 2801 sessionibus
1067 2733 1254 2819 publicisin

95 2846 160 2905 tuae
184 2840 367 2926 Majestatis
392 2841 569 2908 domestico
593 2841 736 2907 sacrario
760 2862 858 2926 quam
881 2839 1040 2924 capellam
1065 2838 1253 2907 Pontifician

94 2951 211 3010 vocant
227 2945 356 3027 habitis,
372 2969 500 3032 semper
510 2954 625 3031 agente
645 2969 713 3012 rem
729 2967 834 3012 meam
851 2954 887 3012 ut
903 2947 1012 3012 omnia
1024 2945 1112 3013 solet
1129 2944 1256 3014 fideliter

97 3056 227 3115 oratore
252 3053 336 3135 juris
365 3055 561 3137 peritissimo
590 3054 715 3119 Joanne
741 3052 962 3132 Venderbico,
996 3059 1066 3119 tem
1106 3051 1256 3138 equestris

96 3156 218 3222 ordinis
241 3157 343 3222 nobili
367 3160 434 3224 siro
458 3181 555 3243 quam
585 3160 618 3223 in¹
647 3179 821 3224 causarum
843 3157 1034 3242 patrociniis
1060 3159 1254 3243 disputatore

95 3263 253 3329 acerrimo
277 3270 310 3329 et
321 3265 432 3329 eodem
449 3271 660 3348 procuratore
677 3285 762 3344 meo;
786 3263 915 3330 tandem
940 3264 973 3328 in
989 3263 1108 3331 ultima
1123 3265 1255 3332 sessione

95 3389 195 3435 causa
218 3369 312 3453 plene
336 3370 465 3453 cognita
488 3393 547 3455 per
570 3372 749 3436 sententias
765 3371 895 3456 scriptis
919 3370 1026 3436 editas
1050 3369 1257 3438 decreverunt

94 3496 146 3540 me
170 3475 213 3541 ab
235 3476 296 3541 hac
327 3478 554 3560 persecutione
578 3477 739 3542 incuriosa
763 3474 968 3541 liberandum
993 3497 1066 3542 csse
1095 3498 1136 3542 ac
1161 3474 1256 3544 absol·

97 3581 236 3648 rendum
246 3582 267 3647 2.
290 3581 358 3649 Nec
375 3582 433 3647 ulli
449 3582 581 3648 dubium
598 3583 675 3668 quin
695 3581 861 3648 diffinitiva
877 3603 1006 3667 quoque
1028 3584 1120 3667 paris
1144 3577 1258 3650 oraculi

100 3688 262 3754 sententia
304 3688 645 3755 reverendissimorum
677 3688 823 3772 judicum
861 3694 899 3754 ut
933 3686 1096 3754 debuerat
1126 3692 1255 3774 sequuta

96 3789 220 3872 fuisset,
231 3794 293 3859 nisi
309 3801 386 3859 tunc
404 3794 593 3859 mandatum
608 3792 648 3859 de
665 3793 906 3879 supersedendo
930 3792 990 3859 ebs
1007 3800 1093 3860 tent
1109 3793 1254 3862 dicebant

95 3900 565 3983 accusatores,impetrassent.
597 3902 717 3966 Eorum
734 3900 876 3992 omnium
899 3920 981 3984 quos
998 3900 1068 3984 jam
1093 3901 1257 3967 citavimus

95 4005 312 4091 undequaque
327 4007 513 4071 testimonia
537 4011 569 4071 et
585 4011 660 4071 vota
688 4006 716 4071 si
737 4004 963 4072 recordaberis
987 4012 1022 4070 et
1041 4013 1118 4073 acte
1129 4005 1256 4092 judicio·

97 4131 184 4193 rum,
218 4112 245 4177 si
274 4132 384 4178 coram
416 4118 449 4177 te
473 4110 536 4196 legi
560 4111 705 4192 curabis,
739 4111 835 4196 plane
861 4111 1005 4178 invenies
1028 4131 1082 4179 me
1112 4111 1157 4181 ab
1179 4107 1254 4179 omui

672 4259 689 4297 sk

171 4351 182 4394 l
204 4332 275 4397 iiber
294 4347 365 4398 diese
385 4349 466 4401 briefc
485 4348 539 4415 vgl.
558 4349 600 4400 die
619 4353 690 4401 notis
713 4349 780 4402 oben
805 4365 839 4400 ru
861 4362 917 4400 nro.
937 4349 1032 4416 cclx,
1057 4367 1079 4404 s.
1104 4356 1170 4419 2⁴1,
1188 4368 1209 4404 r.
1235 4353 1253 4400 ¹·

114 4431 164 4481 Die
184 4435 362 4504 obstirnuruug
383 4452 442 4487 vom
464 4441 478 4487 2
497 4437 554 4490 Juli
579 4440 644 4501 tore
665 4438 808 4508 Rouchlin3
828 4453 849 4491 s.
874 4439 936 4489 1119.
