2716 4898
648 324 715 393 lli)

93 522 216 603 quanto
238 514 373 583 liberius
403 514 581 581 intimatam
604 514 646 581 de
676 514 783 581 media
804 516 900 600 plebe
932 517 1115 585 bominem:
1138 517 1252 598 Quanto

93 629 191 707 putas
214 643 265 688 me
288 628 358 687 tum
382 628 512 706 captum
535 621 751 686 admiratione
780 643 854 687 cum
876 622 1021 708 quodam
1044 624 1162 708 insigni
1191 644 1255 709 gau·

95 726 166 807 dio,
196 727 326 812 quando
357 727 516 792 universis
545 726 820 811 applaudentibus
851 728 1049 794 audivissem
1074 728 1122 795 ad
1142 749 1253 795 summa

94 839 128 898 te
157 852 266 898 rerum
303 833 434 916 fastigia
462 831 688 898 conscendisse
725 833 883 917 optimum
918 834 1034 918 optimi
1071 834 1254 920 sapientissi-

94 937 203 1023 mique
220 937 377 1022 Principis
393 937 457 1002 diri
473 938 641 1003 Laurentii
656 936 792 1004 Medicis
807 936 918 1018 filium,
941 939 1147 1006 recordabar
1161 939 1253 1006 subito

94 1048 248 1128 tanquam
272 1043 502 1128 hierophantas
525 1043 643 1128 aliquis
666 1049 839 1127 paternum
862 1043 948 1109 illud
971 1045 1164 1112 vaticinium
1184 1064 1251 1112 rora

94 1148 274 1233 prophetice
297 1169 366 1232 par.

184 1253 268 1331 Quid
291 1253 352 1319 hac
375 1276 416 1320 ex
431 1253 607 1319 Laurentio
629 1253 743 1320 laurea
771 1253 920 1321 fruticari
950 1261 1062 1341 queat,
1085 1276 1150 1322 uon
1172 1253 1249 1320 modo

94 1357 297 1425 laurentibus
334 1359 478 1444 populis,
516 1359 575 1425 sed
609 1360 708 1424 etiam
748 1361 810 1425 toti
845 1359 917 1425 orbi
955 1361 1160 1445 preciosius?
1194 1361 1248 1446 quis

95 1465 199 1550 major
222 1466 399 1549 excogitari
416 1465 590 1531 thesaurus
605 1467 709 1549 possit
724 1486 821 1550 quam
840 1467 883 1531 sit
896 1464 978 1532 illud
993 1471 1090 1532 tuum
1103 1465 1247 1533 ineffabile

96 1588 240 1654 regnum,
264 1571 350 1637 unde
375 1572 468 1637 nobis
491 1592 602 1637 omnes
633 1570 749 1635 divitiae
772 1577 933 1656 tanquam
952 1592 993 1637 ex
1008 1570 1137 1638 Pactoli
1151 1570 1246 1656 abysso

94 1675 216 1756 fluunt,
246 1698 357 1742 omnes
391 1677 591 1760 optimarum·
620 1676 792 1742 literarum
815 1683 964 1757 ornatus,
998 1684 1033 1743 et
1061 1694 1157 1744 omne
1179 1674 1245 1762 quod

96 1783 202 1848 estin
226 1782 374 1848 humanis
399 1781 541 1847 bonum?
570 1782 700 1848 Semina
724 1782 807 1867 jecit
834 1788 931 1868 pater
962 1782 1124 1850 universa
1147 1781 1244 1848 rotalis

95 1887 306 1972 philosophie
328 1908 400 1973 quae
428 1909 513 1953 nunc
542 1895 574 1953 te
597 1887 666 1953 tilio
688 1888 720 1952 iu
745 1887 868 1953 culmos
890 1893 1046 1972 surgunt,
1078 1895 1118 1954 nt
1140 1895 1173 1954 te
1192 1906 1244 1969 reg·

98 1999 197 2058 nante
233 1992 327 2058 nobis
358 1994 464 2077 spicas
492 1993 581 2058 illius
616 2000 739 2059 metere
769 1994 867 2060 liceat
898 1994 932 2058 in
969 1993 1120 2060 omuibus
1148 1991 1243 2075 linguis

99 2118 212 2182 greca,
237 2098 348 2178 latina,
372 2098 511 2178 hebraea,
535 2098 681 2179 arabica,
709 2098 877 2165 chaldaica
893 2105 926 2166 et
942 2096 1124 2180 chaldiaca‚
1146 2097 1243 2184 quibus

96 2202 158 2269 hoc
182 2210 327 2287 tempore
351 2204 426 2270 libri
449 2212 514 2270 tuae
537 2205 702 2289 Majestati
733 2204 912 2271 offeruntur
935 2210 969 2271 et
991 2204 1126 2271 uberius
1155 2201 1241 2271 omnia

94 2307 307 2394 perficiuntur
358 2307 419 2376 sub
462 2317 519 2375 tua
558 2311 696 2391 ditione,
736 2331 808 2395 quae
850 2317 929 2376 suut
967 2331 990 2377 a
1027 2317 1164 2394 parente
1197 2314 1241 2372 tuo

94 2416 345 2502 prudentissime
367 2416 528 2481 inchoata.

184 2522 291 2599 Quare
315 2522 459 2605 cogitans
482 2522 552 2588 sola
580 2522 733 2588 studiosis
762 2518 976 2606 Pythagorica
999 2520 1159 2601 defuisse,
1186 2536 1241 2604 que

94 2634 203 2694 tamen
232 2628 370 2711 sparsim
398 2627 431 2692 in
462 2626 631 2692 academia
661 2627 866 2693 laurentiana
893 2628 1108 2708 delitescunt,
1139 2620 1242 2693 credidi

93 2732 183 2799 haud
205 2733 368 2818 ingratum
385 2733 445 2799 tibi
460 2733 616 2813 futurum,
640 2732 669 2799 si
683 2739 718 2799 et
733 2754 772 2799 ea
788 2732 858 2799 foro
874 2731 1033 2814 afferrem,
1057 2752 1131 2819 que
1145 2729 1244 2817 Pytha

95 2860 191 2923 geres
229 2839 420 2924 nobilesque
451 2839 645 2924 Pythagorei
676 2839 815 2905 sensisse
847 2839 1001 2905 dicuntur
1022 2827 1062 2905 ut
1082 2845 1140 2904 tuo
1166 2831 1244 2903 iaici

94 2944 224 3010 numine
248 2945 446 3028 legerentur,
477 2945 586 3010 latinis
613 2945 769 3011 hactenus
798 2946 917 3028 ignota.
962 2943 1068 3010 Italia
1100 2940 1245 3009 Mamilius

95 3048 265 3115 Platonem
296 3051 408 3131 edidit,
437 3051 539 3116 Gallis
555 3051 764 3118 Aristotelem
793 3050 932 3117 lacobus
962 3048 1071 3116 Faber
1094 3047 1246 3133 Stapulen·

35 3168 39 3175 ’
95 3156 140 3222 sis
170 3158 383 3238 restauravit,
412 3156 553 3241 implebo
581 3178 748 3223 numerum
779 3164 815 3223 et
836 3155 982 3241 Oapuion
1010 3174 1070 3240 ego
1095 3151 1246 3221 Germanis

94 3281 155 3347 per
170 3282 221 3327 me
237 3270 462 3329 renascentem
483 3264 699 3349 Pythagoram
715 3270 772 3330 tuo
796 3262 917 3329 nomini
932 3259 1077 3329 dicatum
1094 3257 1246 3328 exhibebo·

92 3368 132 3434 Id
154 3375 263 3435 tamen
285 3370 408 3455 absque
421 3370 632 3436 Hebraeorum
641 3368 766 3435 Cabala
786 3367 858 3433 ficri
885 3388 950 3433 non
972 3367 1091 3452 potuit,
1115 3386 1154 3434 eo
1177 3357 1249 3451 quod

93 3473 287 3560 Pythagorae
310 3476 515 3560 philosophia
545 3474 586 3540 de
609 3475 834 3542 Cabalaeorum
858 3472 1031 3558 praeceptis
1055 3472 1152 3539 initia
1173 3467 1250 3536 duxit

96 3600 169 3665 quae
195 3587 328 3666 patrum
357 3582 513 3648 memoria
542 3580 711 3647 discedens
741 3602 759 3646 e
786 3599 905 3664 magna
934 3577 1062 3644 Graecia
1092 3598 1204 3645 rursus
1224 3573 1250 3638 in

96 3683 336 3754 Cabalistarum
359 3686 522 3754 volumina
536 3686 692 3753 incubuit.
737 3687 891 3752 Eruenda
913 3684 1013 3769 igitur
1033 3683 1112 3750 inde
1136 3683 1252 3750 meren

95 3789 164 3859 fere
188 3794 305 3859 omnia.
352 3795 459 3872 Quare
483 3793 523 3859 de
546 3799 618 3859 arte
642 3792 841 3859 Cabalistica
868 3810 940 3875 quac
963 3788 1144 3874 symbolica
1165 3785 1252 3874 philo

95 3897 210 3982 sophia
234 3906 285 3966 est
300 3899 423 3983 scripsi,
446 3909 484 3966 ut
509 3899 785 3984 Pythagoreorum
806 3897 958 3981 dogmata
973 3896 1130 3962 studiosis
1152 3894 1253 3962 fierent

94 4004 234 4071 notiora.
281 4006 317 4070 ln
349 4004 466 4090 quibus
490 4004 637 4071 omnibus
665 4003 744 4068 nihil
779 4002 902 4068 affirmo
936 4007 1066 4067 tantum
1093 4008 1170 4069 utut
1197 3996 1252 4083 opi·

95 4117 216 4177 uantur
238 4109 383 4177 infideles
406 4111 518 4190 recito,
542 4110 598 4195 qui
615 4110 776 4176 Simonem
798 4107 947 4175 Judaeum
970 4106 1103 4174 Cabala
1126 4107 1250 4192 peritum

95 4218 241 4284 audituri
272 4216 512 4283 Francofordiae
543 4217 576 4280 in
606 4237 704 4282 unam
735 4234 914 4299 cauponam
943 4235 962 4279 e
993 4212 1123 4280 diverso
1151 4213 1249 4279 itinere

96 4324 290 4388 conveniunt
312 4322 477 4388 Philolaus
505 4322 614 4406 junior
638 4323 860 4409 Pythagoreus
891 4325 925 4386 et
953 4320 1127 4387 Marranus
1156 4315 1248 4384 Mabc

97 4428 237 4494 metista.
