2716 4898
615 305 678 372 159
723 278 727 285 ’

62 490 181 578 piaque
203 478 375 576 magistros
394 492 517 560 instare
538 495 617 561 velia
632 500 801 580 oportune,
816 496 1002 582 importune
1020 500 1041 581 ¹,
1066 506 1228 584 quatenns

62 595 96 662 ie
128 597 290 682 singulari
318 598 461 682 quadam
495 598 697 666 humanitate
728 605 763 666 et
790 602 824 666 in
856 602 1000 670 favorem
1034 604 1228 688 evangelicae

62 701 241 783 eharitatis,
264 702 306 768 ad
331 723 428 788 quam
456 709 605 772 tenemur
628 726 755 786 omnes,
779 706 952 791 dignentur
975 729 1052 777 uuas
1074 709 1227 775 informa-

62 807 163 874 tiones
186 808 319 873 mittere
342 808 423 874 meis
447 809 606 893 expensis,
631 811 715 876 siout
737 817 771 876 et
799 812 880 879 istas
909 835 1038 898 quoque
1068 835 1227 898 expensas

62 913 167 994 etiam,
190 934 256 980 non
278 913 414 997 petitas,
437 919 527 980 vesto
555 917 671 982 nunoio
698 915 879 984 liberaliter
907 919 1056 1002 persolvi.
1104 919 1227 998 Quibus

62 1017 340 1085 informationibus
363 1019 577 1102 contineatur,
601 1022 743 1106 qualiter
766 1043 839 1087 oum
861 1021 982 1090 honore
1003 1046 1075 1092 meo
1092 1032 1126 1092 et
1140 1025 1227 1091 bona

62 1121 144 1190 lama
166 1125 251 1191 eitra
273 1126 493 1211 cujuscunque
523 1125 661 1194 hominis
684 1127 873 1211 despectum
896 1135 955 1195 aut
977 1130 1129 1216 injuriam
1149 1129 1227 1196 fide·

62 1227 189 1296 iteret
219 1229 359 1296 dilucide
389 1252 505 1315 puram
529 1237 563 1299 et
585 1252 709 1298 meram
743 1233 914 1299 veritatem
944 1235 1089 1303 eeclesiae
1116 1235 1227 1303 eatho·

62 1332 123 1400 iioae
146 1334 290 1402 decretis
313 1342 413 1420 atque
435 1336 614 1403 canonibus
628 1337 799 1404 fundatam
815 1339 987 1423 explicaro,
1010 1349 1045 1408 et
1060 1342 1226 1408 contraria

62 1440 231 1506 emendare
259 1441 393 1507 valeam.
445 1442 498 1508 Sio
526 1443 652 1526 spero²
686 1443 763 1510 visis
793 1443 1076 1513 informationibus
1110 1449 1226 1514 restria

62 1543 150 1612 faoile
174 1547 376 1613 concordari.
419 1547 509 1614 Tune
532 1548 618 1613 enim
640 1569 714 1614 mea
737 1554 852 1633 sponte
876 1571 915 1614 ae
938 1550 1087 1620 ultroneo
1117 1554 1225 1621 studio

62 1650 174 1718 nullius
204 1650 372 1718 hominis³
407 1653 561 1719 mandato
585 1655 680 1737 jussu
702 1654 768 1721 sive
802 1662 982 1739 precepto,
1010 1657 1068 1722 sed
1091 1679 1131 1724 ex
1154 1659 1225 1725 sola

62 1755 229 1823 iileetioue
251 1759 313 1823 Dei
336 1764 370 1824 et
391 1758 531 1842 proximi
553 1780 592 1824 ao
608 1760 701 1825 unius
717 1759 864 1825 veritatis
880 1780 1000 1842 amore,
1022 1783 1116 1828 nemo
1132 1763 1224 1845 alius,

62 1861 108 1929 red
134 1883 196 1947 ego
219 1863 291 1947 ipse
313 1863 426 1930 tollam
450 1863 491 1929 de
515 1865 566 1929 via
589 1863 724 1948 lapides,
748 1865 776 1931 si
799 1864 855 1949 qui
877 1864 1008 1947 luerint,
1032 1866 1225 1936 offensiones

62 1972 82 2032 a
104 1967 254 2053 petras⁴
282 1968 444 2049 scandali,
473 1969 521 2035 ita
551 1975 589 2037 ut
621 1970 709 2036 solus
738 1970 832 2036 nobis
856 1971 998 2055 supersit
1020 1972 1104 2057 lapis
1127 1996 1224 2061 quem

62 2072 313 2157 eprobaverunt
349 2081 384 2140 et
412 2080 524 2159 petra,
561 2096 633 2158 quae
664 2080 737 2141 erat
778 2075 942 2157 Christus,
978 2078 1048 2162 ipse
1081 2086 1132 2145 eut
1158 2101 1225 2164 pax

62 2184 185 2259 nostra,
215 2179 273 2263 qui
300 2180 380 2246 facit
407 2186 545 2264 utraque
575 2201 687 2262 unum,
716 2181 770 2246 ille
801 2202 860 2247 nos
892 2184 1055 2250 custodiat
1082 2174 1173 2270 opto
1190 2187 1224 2252 in

63 2285 152 2351 itam
177 2284 364 2351 aethernam.
404 2287 516 2352 Amen.
552 2285 632 2351 Vale
656 2291 690 2351 et
712 2284 795 2351 hano
816 2287 987 2370 epistolam
1003 2310 1075 2356 oum
1097 2292 1224 2375 egregio

62 2391 182 2455 lomino
205 2390 339 2471 Jacobo,
363 2390 545 2478 eximioque
570 2387 698 2455 domino
722 2391 866 2458 Arnoldo
884 2391 911 2473 ⁵3
945 2394 1134 2480 eaeterisque
1158 2397 1223 2462 tuis

62 2495 300 2562 ommunicato.
346 2495 467 2561 Datum
490 2501 528 2562 ut
551 2516 651 2581 supra
666 2496 689 2560 ⁶.

137 2649 301 2711 Gedruokt:
323 2652 337 2708 1
360 2669 400 2701 =
416 2648 445 2709 J.
461 2667 488 2708 v.
506 2665 531 2709 e.
549 2668 568 2723 q
585 2653 604 2709 4
621 2650 664 2710 bis
679 2667 695 2708 r
712 2652 760 2724 2⁸3
780 2654 798 2712 2
816 2674 857 2706 =
870 2652 986 2712 Bulaeus
1001 2654 1020 2713 l.
1037 2654 1110 2713 LVI
1124 2674 1153 2731 p.
1169 2656 1220 2715 56.

62 2758 100 2817 17.
121 2759 139 2817 3
158 2779 202 2811 =
218 2756 315 2830 Maius
330 2754 351 2812 l.
366 2755 386 2813 l.
403 2773 431 2831 p.
450 2757 512 2816 331
531 2755 575 2816 bis
591 2758 665 2817 336.

550 3101 722 3171 CXXXIX.

119 3211 297 3263 Ottobeuren.
956 3215 987 3262 21
1011 3213 1086 3266 Febr.
1109 3216 1185 3269 1512.

222 3356 352 3432 Frater
378 3357 557 3433 Nicolaus
576 3356 765 3457 Ellenbog
791 3384 840 3432 an
867 3356 1051 3433 Reuohlin

62 3528 105 3590 iat
139 3522 243 3589 durch
275 3525 330 3590 Ra
365 3524 492 3605 freund,
527 3524 590 3589 den
623 3524 821 3608 Dieteganns
845 3525 1109 3606 Westerstetten‚
1142 3534 1220 3610 gnte

62 3628 259 3695 raohriohten
278 3629 361 3695 iiber
377 3630 433 3696 Ru
455 3628 678 3714 woblergehen
699 3629 847 3696 erbalten
861 3629 928 3696 und
951 3629 1039 3697 frent
1055 3630 1123 3697 sioh
1138 3631 1222 3699 iiber

63 3734 115 3800 oin
145 3734 415 3802 verdienstvolles
437 3735 574 3815 wirlron,
598 3733 694 3800 sehnt
721 3734 801 3815 sich,
829 3734 887 3800 ibn
910 3734 1029 3802 oinmel
1051 3760 1091 3804 zu
1120 3737 1220 3806 seben

613 3899 631 3939 ’it

118 3995 129 4040 1
157 3991 311 4058 importune
330 3978 502 4057 auagelassen
524 3993 548 4041 3.
621 3994 636 4040 2
656 3990 701 4042 flio
721 4005 797 4056 spero
816 3989 857 4042 bis
871 4005 902 4040 nu
917 3989 983 4041 ende
1001 3989 1173 4055 anagolaaeen
1193 3993 1219 4043 1.

70 4065 205 4130 ‘Hominis
218 4082 243 4130 3.
253 4080 332 4144 jussu
345 4086 391 4129 ant
402 4085 532 4146 proeoepto
546 4081 571 4129 3.
626 4083 643 4128 4
662 4081 753 4135 Petras
767 4084 793 4129 et
807 4082 831 4129 3.
845 4079 921 4129 vobio
931 4079 1005 4129 aolus
1019 4081 1043 4130 3.
1093 4080 1109 4128 5
1129 4077 1219 4130 Hooh-

62 4172 145 4219 baton
169 4167 225 4219 nnd
244 4169 380 4234 Tungern.
452 4170 468 4220 6
488 4165 609 4218 Nitmlioh
633 4166 700 4219 oben
719 4182 775 4218 nro.
794 4167 945 4218 CXXXVII
971 4167 998 4216 iu
1019 4165 1077 4217 dem
1096 4163 1168 4217 brief
1183 4181 1219 4217 an

62 4256 86 4307 ie
110 4256 214 4309 Kblnor
239 4255 361 4307 laonitttt.
400 4257 457 4307 Von
485 4270 592 4308 nnaerm
611 4255 681 4308 brief
703 4253 763 4322 gibt
790 4252 931 4306 naohriobt
956 4254 1050 4306 Petrus
1075 4255 1167 4321 Meyer
1190 4255 1220 4306 in

62 4345 128 4396 mom
147 4344 290 4398 aebroiben
316 4355 350 4394 en
368 4343 468 4395 Arnold
487 4361 539 4396 von
559 4345 684 4411 Tnngern
706 4347 737 4395 10
757 4342 833 4395 Febr.
855 4343 932 4394 1512.
964 4341 1156 4410 (Ptefferkorna
1173 4341 1219 4396 be-

62 4430 207 4503 ohyrmung
225 4435 253 4486 H
273 4435 289 4484 3
307 4433 357 4501 fg.)
