2716 4898
619 306 682 371 117

58 489 121 573 (sic
155 489 241 555 enim
278 490 437 578 nominat)
473 513 558 578 saepe
591 496 745 561 meminit.
791 497 890 564 Vides
921 501 1020 584 igitur
1053 504 1167 586 quanti
1197 510 1230 572 te

58 595 162 661 faciat
190 597 316 677 Faber,
349 605 535 683 quantaque
568 601 700 668 honoris
732 603 922 685 praefatione
945 605 986 671 de
1010 613 1044 672 te
1066 606 1228 692 loquatur.

57 702 192 767 memini
230 722 288 785 ego
320 724 359 768 ex
387 705 456 789 ejus
486 726 537 770 me
569 727 625 772 ore
655 729 718 773 11011
743 708 842 774 semel
865 710 992 776 audire:
1030 714 1171 791 „Doctus
1195 720 1228 780 et

60 808 228 872 revereis
252 810 308 892 qui
331 829 365 874 se
388 810 559 875 Fumulum
582 813 753 896 appellat.“
803 815 880 879 Haec
903 821 1012 881 autem
1036 818 1080 896 si,
1109 825 1146 883 ut
1168 818 1229 885 tibi

61 913 186 993 aduler,
210 935 261 978 me
285 915 318 978 in
340 916 482 980 medium
505 916 622 983 afferre
646 919 761 997 eredis,
785 917 878 1003 longe
903 942 1002 987 erras.
1048 923 1121 989 Non
1144 924 1229 990 enim

60 1040 239 1085 ex‘eorum
262 1041 395 1087 numero
420 1044 491 1087 sum
515 1025 570 1106 qui
593 1023 681 1089 eliud
706 1024 902 1106 blacterant,
926 1026 1019 1093 aliud
1039 1028 1073 1093 in
1095 1035 1228 1112 pectore

61 1125 207 1190 clausum
231 1131 369 1209 gestant,
393 1129 492 1194 sentit
516 1129 641 1194 animus
658 1151 729 1194 cum
746 1129 879 1211 calamo,
903 1130 1012 1216 lingua
1028 1154 1101 1198 cum
1121 1134 1229 1200 corde.

60 1232 214 1297 Moveare
244 1232 371 1316 itaque,
401 1235 670 1318 praestantissime
702 1237 765 1314 vir,
795 1236 837 1300 ad
871 1237 949 1301 mihi
980 1238 1229 1305 commodandos

59 1336 204 1418 libellos,
233 1359 298 1403 non
328 1338 423 1404 modo
456 1340 497 1405 ob
521 1340 620 1404 Fabri
643 1342 675 1405 in
700 1347 732 1405 te
758 1342 1024 1424 benevolentiam,
1049 1343 1163 1410 sedet
1187 1345 1229 1410 ob

58 1444 234 1509 maximam
251 1442 430 1509 Germauiae
455 1445 584 1511 laudem
608 1468 692 1530 quae
716 1447 791 1510 inde
809 1446 976 1512 Germanis
1001 1448 1150 1514 omnibus
1173 1449 1230 1515 ad·

59 1554 194 1614 crescet.
240 1549 360 1613 Excusi
384 1556 459 1615 sunt
478 1549 547 1634 jam
571 1553 696 1636 pridem
719 1573 782 1616 non
807 1550 931 1617 inficior
947 1552 1092 1638 ejusdem
1108 1554 1229 1638 dialogi

58 1653 161 1734 multi,
190 1675 271 1738 quos
295 1675 404 1720 omnes
428 1663 460 1720 et
484 1678 541 1740 ego
564 1659 650 1723 inter
672 1679 779 1724 meam
802 1657 970 1722 librariam
994 1657 1230 1742 supellectilem

57 1766 170 1840 teneo,
195 1760 254 1825 sed
277 1765 460 1827 erratorum
483 1763 641 1829 immunes
670 1785 734 1829 non
759 1769 842 1827 sunt.
889 1762 996 1841 Quare
1020 1784 1092 1827 cum
1115 1762 1155 1830 iis
1178 1785 1228 1828 re·

58 1867 196 1951 cognitis
229 1871 328 1951 etque
362 1867 501 1933 elimatis
537 1891 702 1934 sermones
737 1889 818 1953 quos
853 1889 893 1932 ex
920 1865 1089 1952 pontificia
1118 1869 1228 1935 Romae

56 1972 260 2038 bibliotheca
294 1974 473 2057 exscriptos
497 1974 599 2040 babet
629 1980 662 2039 et
690 1975 737 2038 tui
768 1973 887 2056 dialogi
918 1973 1131 2053 accesserint,
1166 1975 1230 2039 erit

57 2078 208 2163 profecto
232 2099 313 2162 opus
343 2078 551 2164 undiquaque
582 2078 936 2145 consummatissimum.
983 2079 1104 2144 Verum
1126 2084 1164 2146 ut
1186 2080 1230 2145 ad

57 2185 92 2250 id
109 2182 298 2250 faciundum
314 2185 505 2268 propensior
521 2185 670 2265 reddare,
687 2186 770 2250 dono
787 2185 847 2253 tibi
863 2185 937 2250 misi
957 2185 1230 2269 elegantissimum

58 2289 268 2375 politicorum
292 2292 402 2373 opusl
426 2291 512 2374 quod
535 2291 578 2356 ab
601 2291 675 2356 hinc
699 2291 872 2356 triennium
895 2289 1001 2355 Faber
1024 2289 1226 2374 Stepulensis

62 2418 104 2461 ex
128 2417 188 2462 sua
212 2395 336 2460 officina
359 2396 473 2461 emisit.
520 2397 646 2463 Tritum
671 2396 755 2462 euim
773 2402 824 2461 est
838 2394 925 2480 apud
940 2415 1060 2478 graecos
1076 2395 1228 2479 adagium

60 2505 122 2594 χεὶρ
139 2513 223 2590 χεῖρα
246 2503 404 2565 νίπτεικαὶ
421 2493 569 2576 δάκτυλος
592 2492 750 2566 ddaruhov.
798 2502 847 2566 Da
872 2507 904 2565 et
933 2501 1053 2582 accipe,
1076 2506 1226 2565 mutuum

61 2628 203 2691 namque
231 2606 310 2672 muli
333 2606 489 2686 scabunt,
512 2612 549 2671 ut
573 2613 622 2672 est
645 2608 732 2691 apud
764 2605 1082 2690 epigrammatarium
1105 2605 1227 2670 Burde-

60 2713 235 2797 galensem.
283 2713 331 2777 Tu
355 2712 461 2795 igitur,
486 2712 748 2797 eloquentissime
772 2713 838 2789 vir,
862 2731 985 2776 morem
1007 2709 1087 2774 mihi
1109 2710 1143 2774 iu
1166 2709 1228 2776 hac

62 2841 98 2884 re
114 2839 219 2903 geraS,
243 2818 373 2903 quodsi
390 2818 503 2902 egeris,
527 2819 598 2898 erit,
616 2840 673 2883 cur
697 2818 757 2884 tibi
778 2823 936 2902 perpetuo
965 2815 1133 2881 devinctus
1165 2815 1232 2881 exi-

63 2931 157 2992 stam.
204 2924 238 2990 Si
263 2931 436 3008 praeterea
459 2924 696 3008 propositiones
713 2923 818 2988 Cusae
841 2924 1025 3006 impressas,
1050 2919 1232 3005 Symmachi

63 3030 221 3117 epistolas
244 3036 302 3094 aut
322 3030 475 3113 Egesippi
499 3029 646 3094 historici
669 3029 836 3094 christiani
859 3027 959 3093 libros
983 3026 1122 3111 scriptos
1145 3027 1232 3110 apud

63 3144 96 3202 te
128 3135 231 3201 habes
258 3136 386 3220 patiare
410 3137 563 3215 obsecro,
594 3142 631 3201 ut
659 3158 709 3199 me
738 3135 859 3199 adeant
887 3139 921 3198 et
949 3133 990 3197 ad
1014 3132 1140 3216 aliquot
1162 3132 1231 3198 dies

62 3263 190 3308 meeum
212 3242 426 3325 hospitentur,
451 3242 604 3307 redibunt
628 3247 739 3306 sancte
762 3240 925 3325 polliceor.
973 3239 1129 3304 Actutum
1151 3237 1233 3302 Her-

63 3349 256 3435 mouymus²
272 3348 547 3412 Lacedaemonius
561 3369 625 3412 non
641 3353 709 3412 tam
725 3347 873 3412 doctriua
889 3365 986 3429 quam
1002 3343 1111 3427 patria
1126 3342 1234 3408 clarus

63 3455 141 3521 olim
164 3453 226 3518 tibi
253 3452 340 3536 apud
370 3453 512 3517 Parisios
544 3459 738 3537 praeceptor
765 3458 799 3515 et
828 3451 906 3514 mihi
938 3468 1073 3531 graecae
1106 3447 1234 3529 linguae

62 3559 224 3645 tyrocinia
258 3559 408 3643 exposuit
448 3559 495 3623 tui
536 3558 673 3623 subinde
706 3577 837 3621 memor.
895 3554 995 3632 Vale,
1031 3552 1235 3632 Germaniae,

62 3667 162 3731 immo
187 3665 289 3730 totius
314 3664 402 3730 orbis
427 3663 525 3729 decus
549 3671 588 3738 et
605 3664 796 3729 Rhenanum
820 3667 911 3726 tuum
933 3660 1019 3725 inter
1042 3679 1097 3725 eos
1113 3657 1235 3724 referto

64 3771 121 3856 qui
144 3769 205 3836 tibi
229 3776 305 3836 sunt
328 3770 424 3853 opido
441 3789 538 3853 quam
555 3769 760 3835 deditissimi.
798 3770 848 3833 Ex
863 3767 1002 3833 Helveto
1019 3764 1106 3851 quod
1121 3763 1234 3847 vulgus

642 3905 659 3942 *

138 3979 151 4022 l
173 3972 348 4023 Politieorum
367 3971 428 4022 libri
449 3977 516 4022 octo.
539 3973 735 4023 commentarii.
757 3970 992 4021 Oeconomicorunr
1011 3968 1070 4018 duo.
1098 3966 1235 4016 Commen-

64 4061 134 4111 tarii.
160 4061 395 4111 Hcetonorniarum
425 4068 532 4127 septem.
568 4060 788 4112 Oeconomiarum
815 4059 887 4125 publ.
918 4073 993 4107 unus.
1035 4053 1237 4119 Explanetionis

64 4147 197 4200 Leonsrdi
216 4149 244 4198 in
269 4150 431 4198 oeeonomica
455 4148 515 4198 duo.
554 4149 630 4214 Apud
651 4150 766 4199 Parisios
793 4147 918 4214 primaria
942 4145 1106 4210 superiorum
1129 4156 1235 4206 operum

65 4237 148 4288 editio
172 4238 245 4303 typis
269 4237 391 4287 absoluta
415 4238 515 4303 prodiit
534 4253 567 4286 ex
590 4239 633 4287 off.
659 4238 694 4287 H.
714 4236 803 4303 Steph.
823 4252 845 4286 a.
868 4236 934 4285 1506
959 4233 1003 4282 fol.
1025 4229 1187 4295 (Correetore
1206 4228 1237 4278 Β.

65 4325 204 4391 Rhenuno)
224 4327 291 4377 noch
306 4327 382 4376 Grns:
401 4325 523 4375 dehobus
539 4326 624 4376 Faber
641 4324 806 4396 stapulensis
825 4325 852 4373 in
872 4321 992 4374 zeitschr.
1013 4321 1055 4370 fiir
1072 4318 1133 4369 bist.
1155 4315 1236 4367 theol.

69 4417 136 4475 1852
156 4431 179 4466 s.
197 4416 257 4467 229.
333 4418 347 4470 2
369 4414 395 4465 S.
414 4431 437 4465 o.
458 4430 513 4466 nro.
534 4416 567 4471 11.
