2716 4898
647 298 711 365 147

93 488 206 568 deant,
236 487 367 573 quando
396 488 484 553 inter
514 487 716 555 Christianos
744 489 808 554 et¹
845 489 975 574 quidem
1005 491 1092 557 inter
1120 512 1176 559 eos
1207 491 1264 578 qui

93 594 181 659 docti
209 599 422 678 reputentur,
450 598 483 659 te
509 592 639 659 unicum
669 592 850 659 invenerint
875 596 897 675 ²,
928 597 983 679 qui
1013 617 1106 662 suam
1130 618 1262 664 eausam

93 704 178 783 eget,
209 703 339 764 tutetur
367 718 406 762 ac
430 696 597 779 defendat,
622 697 715 782 qnasi
737 697 828 763 nec³
858 698 1040 777 Christum,
1063 716 1169 781 neque
1195 695 1266 761 Vir-

93 805 201 888 ginem
224 811 377 884 matrem,
407 824 512 888 neque
538 802 718 887 apostolos,
750 823 857 888 neque
878 803 976 872 fidem
1006 801 1267 871 nostram'inte-

93 918 255 975 moratam
282 907 529 992 blasphement*
551 912 611 973 aut
640 907 840 991 vituperent,
864 909 923 975 sed
953 909 1107 996 quicquid
1128 907 1263 985 faciant,

94 1021 153 1080 aut
174 1015 317 1099 majores
340 1032 451 1078 eorum
474 1013 665 1096 scripserint
686 1013 720 1077 in
748 1013 798 1079 sui
821 1012 1041 1082 defensionem
1073 1019 1107 1079 et
1128 1010 1209 1076 nulli
1231 1009 1265 1074 iu

95 1119 322 1205 praejudicium
353 1121 412 1181 ant
438 1117 633 1201 vituperium
655 1116 801 1184 fecerint.
847 1120 891 1185 Et
913 1121 1007 1204 qnia,
1032 1124 1069 1186 ut
1096 1116 1177 1184 illud
1200 1116 1262 1180 Im·

93 1223 271 1309 peratoriae
296 1222 474 1307 Mejestati
489 1220 689 1288 sufficienter
714 1224 914 1308 persuadere
937 1245 1066 1309 posses,
1096 1222 1203 1289 varias
1232 1225 1267 1285 et

94 1331 230 1416 quidem
251 1327 410 1395 invahdas
433 1328 576 1394 rationes
604 1349 797 1396 arenearum
820 1329 893 1396 telis
920 1328 1133 1414 fragiliores⁶
1159 1326 1261 1393 addu-

96 1437 185 1517 xisti,
207 1435 406 1501 autoritates
435 1446 564 1518 qnoque
592 1431 735 1500 diversas
763 1434 934 1518 scripture
962 1457 1064 1502 sacrae
1093 1442 1126 1500 et
1155 1431 1264 1501 sacro-

93 1561 169 1607 rnm
193 1539 393 1607 doctorum6
424 1539 602 1605 renitentes
632 1539 828 1606 adsensum
852 1560 949 1623 quem
975 1546 1014 1605 tu
1036 1538 1167 1606 volebas
1191 1558 1268 1604 con·

92 1645 229 1726 torsisti,
254 1643 426 1712 nonnullas
442 1644 540 1710 etiam
557 1645 755 1728 positiones⁷
770 1643 988 1724 soandalosas
1005 1644 1090 1711 male
1103 1648 1266 1722 sonantes,

93 1757 127 1817 et
149 1751 278 1835 piarnm
302 1751 431 1816 annum
454 1747 632 1816 offensivas.
648 1749 722 1814 hinc
744 1748 818 1814 inde
842 1748 1077 1829 intermisisti,
1102 1767 1166 1834 qno
1197 1768 1267 1812 sue·

91 1863 226 1941 pectam
255 1862 288 1922 te
321 1855 493 1921 reddidisti
509 1853 537 1935 ⁸,
577 1855 671 1939 quasi
700 1874 763 1920 non
791 1859 881 1919 caste
911 1874 993 1937 pure
1016 1875 1054 1921 ac
1087 1853 1267 1938 synceriter

91 1968 131 2026 nt
153 1966 295 2045 oportet
309 1960 350 2026 de
373 1958 445 2039 fide,
470 1959 510 2025 de
533 1959 702 2044 scripturis
727 1959 840 2040 sacris,
865 1959 905 2024 de
929 1959 1158 2027 ecclesiasticis
1181 1965 1265 2023 trao-

92 2065 259 2132 tatoribns
283 2065 405 2131 sentias
423 2063 444 2130 ⁹.
490 2063 583 2143 Quod
611 2064 704 2131 nobis
723 2064 748 2102 ¹⁰
778 2062 985 2131 vehementer
1009 2073 1043 2132 et
1064 2064 1139 2149 plus
1163 2083 1262 2149 quam

95 2172 160 2239 dici
191 2176 301 2255 potest
331 2169 436 2250 dolet,
463 2177 502 2235 ut
528 2176 611 2254 pute
640 2169 857 2235 commembro
879 2175 991 2236 nostro
1014 2169 1177 2236 infirmato
1201 2190 1261 2253 pro

96 2276 276 2343 christiana
310 2276 433 2362 pietate
475 2272 721 2341 condolentibus
751 2275 786 2339 ¹¹.
843 2273 942 2355 Nam,
979 2281 1064 2341 teste
1098 2274 1266 2357 Apostolo,

95 2403 209 2448 omnes
232 2402 332 2447 unum
355 2401 473 2464 corpus
496 2401 608 2446 snmus
632 2364 793 2464 quotquot
814 2377 847 2443 in
871 2378 1000 2447 Christo
1030 2380 1188 2465 baptisati
1214 2399 1268 2444 sn-

96 2508 181 2553 mus.
231 2485 280 2551 Ne
317 2507 395 2571 ergo
424 2484 547 2551 malum
574 2485 635 2550 hoc
669 2485 702 2549 in
733 2484 813 2551 alios
844 2485 943 2551 latins
971 2490 1130 2570 serperet,
1158 2504 1265 2566 neque

96 2601 136 2659 tu
162 2593 197 2658 in
221 2613 259 2658 eo
285 2597 576 2676 computresceres,
600 2612 681 2658 neve
700 2590 726 2630 ¹²
748 2587 865 2674 penidi
889 2588 996 2656 Jndaei
1018 2591 1050 2655 in
1074 2591 1266 2656 immensum

82 2699 329 2784 -gloriarentur',
358 2703 487 2765 mature
518 2696 768 2763 deliberavimus
798 2695 838 2761 de
862 2694 957 2761 modo
983 2717 1046 2781 quo
1069 2718 1129 2780 per
1151 2717 1210 2762 nos
1234 2701 1267 2761 et

94 2804 188 2885 alios,
218 2823 357 2889 qnorum
385 2801 419 2868 id
442 2803 586 2868 maxime
615 2803 769 2884 interest,
808 2799 883 2867 huic
909 2801 994 2867 malo
1028 2806 1265 2868 occurreretur.

93 2910 218 2976 Verum
244 2909 358 2994 paucis
390 2908 514 2975 exactis
546 2907 572 2948 ¹⁸
606 2907 722 2975 diebus
752 2906 936 2974 Venerandi
969 2907 1118 2992 Magistri
1153 2906 1267 2987 nostri,

94 3012 259 3080 Amoldus
274 3014 315 3080 de
325 3013 474 3099 Tungeri‚
491 3035 551 3079 nec
565 3034 630 3078 non
637 3012 806 3079 Conradus
817 3012 914 3079 Kolin
924 3013 1106 3080 confratres
1114 3013 1219 3080 nostri
1231 3011 1267 3093 ¹⁴,

94 3119 190 3187 nohis
214 3119 374 3207 quasdam
396 3121 509 3188 literas
526 3142 566 3186 ex
589 3126 622 3187 te
638 3118 680 3185 ad
702 3140 736 3184 se
753 3117 847 3186 datas
860 3117 886 3158 ¹⁵
902 3118 1124 3200 ostenderunt,
1148 3118 1266 3204 quibus

92 3246 211 3292 revera
241 3246 305 3292 non
340 3247 457 3311 parum
484 3226 605 3293 fuimus
634 3223 822 3305 exhilarati,
847 3223 936 3308 qnod
957 3223 1021 3291 illis
1043 3223 1267 3291 infirmitatem

92 3338 186 3401 tuam
210 3338 244 3399 et
265 3330 483 3415 improvidum
507 3350 651 3418 errorem
674 3330 841 3396 humiliter
865 3334 899 3395 et
921 3329 1079 3396 catholice
1098 3328 1265 3409 fatebaris,

92 3437 238 3522 rogando
266 3437 397 3503 eosdem
429 3442 591 3521 qnatenus
619 3442 652 3503 te
681 3441 792 3502 nostro
827 3432 980 3517 Collegio
993 3434 1266 3514 commendarent,

92 3564 131 3609 ac
167 3542 295 3627 singula
324 3542 357 3608 in
387 3548 514 3625 partem
537 3541 703 3607 meliorem
730 3542 1026 3623 interpretarentur
1044 3538 1086 3618 ¹⁸,
1116 3537 1204 3622 qnod
1233 3544 1267 3603 et

91 3647 165 3751 ipsix
184 3648 357 3733 diligenter
387 3667 461 3713 cum
489 3667 605 3731 magua
635 3646 812 3725 charitate,
843 3642 1115 3730 quemadmodum
1144 3643 1266 3726 petisti,

92 3753 203 3823 facere
237 3758 435 3820 curaverunt
471 3750 731 3838 effeceruntqne,
767 3756 804 3816 ut
832 3756 865 3815 te
899 3747 1093 3853 catholicum
1125 3747 1267 3814 ecclesiae

670 3896 686 3931 ¹l¹

167 3984 414 4053 lhltansgslassen
426 3987 447 4036 1.
497 3983 722 4035 alnuensruntr.
772 3981 893 4034 8Nect.
942 3976 1229 4046 sttnquumzugesngt
1243 3979 1267 4029 2.

91 4077 107 4128 5
127 4079 173 4129 Ar.
195 4075 239 4127 tel.
259 4075 326 4141 frog.
347 4073 519 4141 suegelassen
541 4078 565 4124 2.
620 4074 635 4123 6
656 4071 728 4123 Sacr.
740 4069 820 4137 doct]
839 4071 977 4135 utriusque
989 4069 1054 4119 iuris
1067 4068 1095 4138 (l)
1109 4072 1133 4119 2.
1189 4067 1267 4116 ‘lPro

90 4165 236 4232 positiones
259 4169 280 4214 1.
335 4162 469 4215 SReddis
486 4167 495 4214 1
512 4167 537 4213 et
550 4161 593 4212 fiir
606 4174 637 4210 ao
652 4165 675 4211 1.
724 4158 868 4210 thentires
889 4161 914 4210 3.
964 4162 996 4209 10
1012 4156 1066 4208 Nos
1082 4160 1103 4206 1.
1157 4152 1267 4204 licon-

91 4254 212 4305 dolontes
235 4257 256 4304 1.
315 4255 344 4302 12
364 4253 419 4303 Nec
437 4253 565 4302 struere
588 4254 609 4301 1.
667 4251 697 4299 13
717 4245 793 4298 Nunc
816 4247 908 4312 paneis
927 4247 1043 4314 peractis
1066 4250 1087 4294 1.
1146 4246 1177 4293 14
1196 4242 1268 4292 Tun·

91 4342 149 4407 geri
169 4346 192 4392 2.
214 4342 306 4391 Frater
324 4339 459 4391 Corradus
479 4340 511 4390 de
525 4340 615 4401 Ulma,
642 4351 776 4389 sacrarum
798 4332 933 4387 literarum
952 4335 1113 4403 professores
1132 4332 1224 4382 eximii
1244 4335 1270 4381 2.

93 4432 125 4482 15
144 4429 172 4483 Β.
190 4446 216 4484 ο.
240 4445 298 4481 uro.
318 4427 415 4480 CXXX
432 4428 486 4480 und
506 4427 625 4481 CXXXI.
702 4425 732 4474 16
752 4423 938 4490 Beniguiorem
959 4420 1143 4558 corlrbm*nohis
1165 4425 1187 4473 l.
