2790 4882
717 265 759 334 80

248 458 874 536 l=C.r.e.d8b;2=J.v.e.kib
896 481 953 538 sq.;
978 466 995 524 3
1020 459 1112 525 ΞΟ.
1135 479 1161 526 r.
1184 461 1322 527 a.IIfol.

157 573 226 631 ὅθι·
237 566 269 642 b;
296 575 315 628 4
331 589 372 626 =
389 571 500 636 Schtok
516 575 553 646 (a.
572 588 633 629 uro.
651 567 818 643 LXXXIII)
835 585 858 628 s.
879 572 940 628 120
956 568 995 644 lg.

619 823 627 851 ι
652 777 823 844 LXXXVI.

231 883 409 936 contendam
1097 889 1106 933 1
1128 883 1189 935 ιιι.
1214 885 1289 935 1503.

160 1012 344 1088 Johannis
377 1012 559 1086 Reuchlin
591 1015 602 1062 ¹
631 1011 858 1086 Phorcensis.
915 1009 990 1083 LL.
1028 1011 1186 1085 doctoris
1214 1012 1326 1087 Liber

159 1135 424 1234 Congestorum
443 1136 497 1208 De
516 1149 591 1208 arte
608 1134 838 1236 praedicandi
857 1134 905 1207 ad
924 1135 1163 1208 reverendum
1183 1148 1325 1234 patrem

162 1258 352 1331 (lominum
380 1258 528 1332 Petrum
560 1258 800 1358 praepositum
832 1257 870 1328 in
902 1256 1165 1330 llonokendorf
1187 1258 1326 1331 ordinis

163 1380 280 1454 saneti
306 1379 490 1454 Dominici
517 1380 701 1480 sepulchri
728 1407 793 1480 per
818 1378 1057 1454 Germaniam
1085 1381 1264 1454 vicarium
1292 1393 1327 1453 et

422 1503 645 1578 visitatorem
665 1503 872 1602 generalem
893 1502 1023 1603 incipit
1042 1502 1066 1575 2.

173 1648 179 1658 ’
251 1666 332 1732 Cum
362 1673 419 1743 aut
449 1673 561 1732 nostra
584 1688 660 1750 erga
691 1689 826 1751 superos
856 1666 1041 1750 impietate,
1068 1672 1126 1731 aut
1152 1667 1328 1733 calestium

164 1771 259 1837 solito
283 1771 417 1853 influxu,
441 1773 532 1838 deive
557 1773 667 1838 omnia
689 1772 899 1855 gubernantis
922 1771 1125 1853 providentia
1140 1772 1261 1837 sactum
1278 1775 1328 1853 sit,

164 1883 201 1940 ut
224 1877 311 1960 apud
334 1884 497 1942 nostrates
521 1877 642 1961 ubique
661 1877 730 1960 jam
754 1881 923 1959 grassante
951 1883 1043 1940 tanta
1065 1877 1252 1959 pestilitatis
1275 1879 1326 1943 lue

163 1982 216 2045 vix
239 1987 309 2046 tuto
338 1983 370 2044 iu
400 1981 477 2064 ipsis
509 1982 602 2066 quasi
632 1988 799 2065 petrarum
828 1980 973 2045 cavernis
997 1981 1128 2046 sensisti
1152 1989 1268 2066 queat3
1292 1990 1327 2048 tu

163 2107 228 2166 me,
256 2084 328 2169 pius
356 2092 449 2169 pater
474 2085 495 2165 ³,
521 2107 580 2168 pro
609 2092 666 2150 tua
695 2085 850 2168 singulari
882 2085 1107 2151 benovolentia
1131 2093 1196 2151 tam
1221 2089 1253 2151 in
1278 2110 1327 2152 me

165 2211 260 2275 quam
277 2191 310 2255 in
326 2210 423 2269 meos,
447 2196 481 2254 et
504 2191 518 2228 ⁴
542 2189 689 2257 omnibus
712 2196 791 2256 nota
814 2196 848 2254 et
871 2191 950 2255 mihi
973 2191 1161 2271 hactenusf'
1183 2193 1328 2257 amultis

164 2296 256 2360 annis
279 2302 467 2377 perspecta,
498 2296 692 2378 cogitantem
718 2317 872 2379 quorsum
896 2318 968 2360 cum
993 2297 1121 2360 ιιιιοιι6
1145 2318 1183 2361 ac
1206 2297 1329 2363 familia

167 2399 261 2466 domo
292 2398 494 2480 secederem,
528 2399 638 2465 dedita
672 2422 771 2484 opera
795 2423 853 2484 per
877 2407 948 2465 tuos
972 2400 1148 2466 familiares
1171 2402 1213 2466 ad
1236 2412 1269 2467 te
1297 2404 1329 2467 in

167 2505 271 2590 ipsum
296 2510 386 2571 tuum
411 2505 642 2571 monasterium
667 2507 798 2572 vocasti.
845 2505 922 2583 Quae
946 2528 998 2571 res
1023 2506 1119 2591 digna
1135 2508 1213 2574 mihi
1228 2508 1330 2574 videri

736 2652 754 2690 tlt

242 2761 252 2806 1
274 2757 386 2806 Ioannis
404 2756 532 2808 Raucliliu
553 2762 576 2808 2.
632 2763 646 2808 2
669 2758 812 2810 ilut'sclrrist
830 2758 930 2825 ausgel.
944 2764 968 2810 3.
1003 2761 1054 2810 Das
1075 2757 1213 2809 warkclien
1230 2757 1329 2808 Reueh-

168 2841 220 2894 lina
241 2842 280 2893 Da
298 2852 352 2894 arte
373 2843 529 2910 praedicandi
555 2846 589 2895 ist
613 2847 671 2896 eine
690 2846 840 2911 sammlung
859 2864 911 2897 von
930 2847 1104 2896 vorschrittcn
1125 2848 1166 2895 fur
1186 2846 1329 2911 preclIgtan,

166 2915 298 2980 'coarctat
317 2932 358 2981 Itir
377 2931 419 2980 die
441 2933 551 2984 mancho
575 2933 621 2984 <los
640 2935 753 2986 klosters
776 2934 963 2984 Derrckcnrlorf
980 2935 1120 2984 bearirnmt.
1159 2936 1213 2983 Das
1234 2934 1330 2982 nalrera

169 3018 263 3082 besagt
283 3016 328 3068 der
347 3018 418 3069 brief
432 3019 522 3072 solbat.
553 3021 639 3085 Majus
658 3036 679 3071 s.
701 3023 750 3070 2413
772 3021 841 3070 ftthrt
861 3021 899 3070 als
920 3021 967 3069 aus
982 3020 1053 3071 diosa
1072 3021 1166 3071 schrift
1191 3019 1329 3085 beziiglich

169 3105 307 3171 tolgandas
327 3123 373 3157 an:
388 3109 556 3172 *Meotionem
575 3109 630 3173 ejus
651 3108 714 3158 facit
733 3107 904 3157 honorificum
925 3108 1042 3157 -loannes
1064 3109 1163 3160 I'orken
1176 3109 1331 3174 praepositus

170 3194 196 3244 Β.
223 3193 329 3260 Georgii
356 3195 472 3247 Coloniae
495 3204 520 3248 et
543 3197 571 3247 1¹¹.
595 3195 712 3247 Joaunes
738 3192 847 3253 Quonus
869 3195 944 3245 l'rior
963 3195 1089 3246 Cartusiae
1116 3213 1196 3262 prope
1216 3198 1240 3246 S.
1261 3197 1330 3246 Odo-

172 3296 269 3331 marum
291 3283 368 3334 vallis
388 3285 413 3335 S.
434 3283 596 3351 Aldegoudis
615 3283 656 3332 Iris
678 3280 764 3330 verbis
784 3281 810 3328 in
830 3280 941 3345 epistola
960 3280 992 3331 ad
1015 3281 1173 3347 Oapuiouom
1195 3282 1268 3332 data:
1290 3299 1331 3334 su·

169 3384 274 3436 parasse
292 3379 422 3438 putamus,
442 3379 470 3422 ut
488 3371 573 3437 posito
592 3374 670 3429 matu,
690 3367 758 3416 sicut
777 3382 868 3416 omncs
886 3385 943 3432 nos,
963 3370 1044 3418 etiam
1064 3378 1123 3419 tuos
1135 3375 1272 3418 vexatores
1287 3386 1332 3435 per

170 3473 265 3510 novum
285 3469 357 3512 tuum
378 3459 489 3511 docuisti
510 3454 670 3524 opusculum,
690 3456 921 3520 quonammodo
941 3473 1042 3507 sermo
1063 3458 1137 3508 lieri
1158 3455 1278 3506 debeat
1300 3454 1349 3508 ιιιΙ

169 3546 333 3613 populum.
355 3548 392 3599 ita
405 3560 507 3612 quoquo
520 3544 701 3596 Germanicam
717 3543 854 3608 pueritiam
868 3543 964 3594 doceas
977 3545 1095 3596 diversas
1109 3560 1173 3609 quaa
1187 3543 1269 3594 ealles
1283 3545 1331 3593 liu-

170 3649 236 3699 guae
253 3641 279 3685 et
298 3634 440 3686 faciliorem
455 3630 573 3683 discendi
592 3629 705 3693 modum,
725 3636 801 3680 uteo
821 3631 907 3696 magia
926 3632 963 3682 tui
983 3633 1073 3682 amuli
1089 3632 1196 3696 jaceant
1214 3631 1330 3696 inglorii.

170 3722 256 3788 Majua
275 3722 333 3789 gibt
351 3721 437 3772 dianas
455 3717 598 3768 brialstiick
620 3717 687 3768 ohne
706 3717 802 3781 datum,
822 3716 890 3767 ohne
912 3719 1014 3784 angaha
1034 3721 1107 3770 eines
1127 3727 1203 3781 ortos,
1222 3734 1259 3786 an!
1274 3719 1331 3768 dem

170 3816 251 3862 atvar
269 3808 379 3860 uthsraa
405 3821 436 3856 au
460 3805 547 3856 liudau
573 3808 613 3856 ist.
653 3807 701 3855 Iliu
722 3805 827 3856 solabar
845 3807 1036 3872 gamainsamer
1058 3809 1128 3860 brief
1145 3808 1259 3856 I’otkons
1279 3806 1331 3855 und

171 3896 277 3958 Quouaa
297 3909 330 3945 an
350 3894 378 3943 n.
398 3894 432 3943 iat
450 3894 524 3944 nicht
543 3893 667 3943 erhalteu.
701 3895 749 3942 Dic
768 3893 844 3943 stelle
864 3894 967 3946 acheint
986 3895 1043 3946 sich
1063 3895 1206 3960 allerdings
1226 3896 1262 3960 (in
1283 3896 1331 3944 den

169 3990 288 4050 gasparrt
299 3980 460 4047 gadruoktaa
476 3986 584 4047 werten)
595 3983 643 4030 aul
653 3996 744 4030 unsara
758 3980 851 4029 schrift
864 3983 1040 4045 cabastense,
1053 3984 1116 4034 abar
1129 3985 1163 4032 im
1173 3984 1250 4046 jahro
1266 3986 1331 4035 1503

171 4071 206 4121 lat
229 4069 268 4120 aia
292 4071 388 4136 ganisa
412 4070 486 4121 nicht
509 4069 695 4135 geschrieben‚
722 4068 825 4116 worauf
847 4067 915 4118 doeh
940 4085 1036 4120 novum
1056 4086 1088 4120 au
1106 4070 1200 4120 dauton
1222 4069 1331 4133 achciut,

171 4155 238 4208 dana
259 4154 359 4208 samaia
379 4157 476 4208 kanuto
488 4173 546 4207 mon
568 4173 617 4206 von
631 4156 719 4207 ramuli
733 4155 784 4204 und
798 4162 937 4206 vexatores
950 4157 1093 4209 Rauolilins
1110 4157 1184 4209 nieht
1197 4153 1333 4223 apraakau.

173 4243 188 4293 8
210 4241 287 4294 Pater
310 4244 337 4296 ia
357 4260 397 4296 ma
422 4261 499 4310 quam
524 4261 569 4311 pro
595 4247 618 4295 3.
692 4249 707 4292 t
733 4249 785 4292 tam
811 4243 838 4290 in
864 4258 949 4306 meos,
977 4253 1003 4295 at
1028 4249 1052 4297 3.
1127 4245 1289 4296 bhacteuns
1310 4248 1332 4293 2.

173 4330 188 4383 ὃ
208 4329 298 4400 uxore]
319 4332 372 4400 vgl.
393 4333 459 4384 oben
481 4336 512 4383 tt
534 4333 598 4384 Iuni
621 4327 913 4382 roccaromana
