2716 4898
652 312 717 378 243

99 496 164 565 Sed
187 497 252 565 heu
275 498 386 565 irritos
409 499 547 566 labores.
593 501 698 566 Testis
714 507 865 585 superest
880 501 1126 582 Sunthusenins,
1151 502 1207 588 qui
1230 509 1265 570 st

90 602 169 687 ipse
192 610 227 669 te
251 610 342 670 amat
357 611 391 670 et
406 605 493 671 colit.
539 606 599 672 His
615 601 750 672 auribus
774 607 891 686 audivi,
915 607 957 671 mi
973 609 1149 672 reverende
1166 615 1270 692 pater,

96 708 211 774 audivi
240 709 384 794 inquam,
417 710 496 795 quid
523 711 728 794 responderit
758 712 886 777 cuidam
909 713 993 777 male
1017 713 1170 797 loquent'.
1224 715 1269 779 Ta

96 812 221 880 bonum
251 822 286 880 et
308 815 439 881 doctum
462 820 564 882 virum
598 837 669 882 esse
692 817 887 900 predicavit,
912 818 1014 882 eciam
1038 819 1065 882 si
1089 819 1270 884 adversarii

93 926 331 1003 rumperentur
359 921 489 987 invidia.
535 922 660 987 Aderat
689 929 759 987 tum
783 921 916 1006 quidam
948 924 1153 1005 gregarius1,
1186 945 1268 1008 pena

91 1026 267 1110 proprium
289 1047 406 1091 nomen
435 1027 554 1092 excidit
576 1027 668 1105 mihi,
692 1033 729 1092 tu
751 1027 903 1110 intelligis
927 1028 1000 1111 quis
1024 1030 1066 1093 sit
1095 1029 1149 1094 ille
1173 1050 1267 1114 quem

91 1131 243 1197 latenter
266 1136 360 1197 taxas
381 1133 414 1197 in
430 1131 588 1217 apologia.
628 1133 714 1198 Male
730 1133 838 1199 valeat
853 1135 1136 1217 arrogantissimus
1152 1115 1267 1200 scriba.

92 1235 144 1301 Tu
168 1235 397 1303 benevaleas.

187 1346 276 1406 Mser.
293 1347 346 1407 der
362 1346 436 1408 Mut.
453 1343 545 1408 briefe
560 1361 625 1407 nro.
643 1350 717 1423 494,
733 1347 783 1410 fol.
801 1348 864 1411 313
881 1365 923 1424 sq.

631 1531 740 1598 ccxl.

168 1618 234 1670 nom
950 1621 1008 1685 (vor
1032 1626 1042 1671 1
1063 1620 1120 1672 Juli
1143 1625 1232 1689 1515.)

234 1707 365 1782 Petrus
386 1705 585 1783 Galatinus
603 1707 849 1782 Minoritanus
869 1735 918 1781 an
936 1709 1130 1784 Reuchlin.

184 1831 222 1895 R.
257 1831 303 1896 sei
333 1852 369 1896 so
393 1830 520 1914 gelehrt
542 1831 609 1895 und
633 1853 668 1897 so
693 1831 782 1896 reich
807 1853 849 1896 an
879 1832 1101 1911 verdiensteu,
1133 1831 1208 1897 dass
1232 1853 1269 1898 er

91 1936 161 2002 sich
198 1956 251 2001 am
286 1935 401 2001 besten
430 1937 532 2003 durch
563 1937 673 2001 seinen
702 1937 834 2020 eigenen
864 1938 966 2002 werth
998 1938 1171 2003 baschiitsa
1200 1939 1268 2003 und

91 2040 207 2107 keiner
239 2041 386 2107 fremden
424 2041 669 2125 verthcidigung
699 2042 845 2107 bediirf.
896 2042 983 2120 Quas
1014 2043 1056 2108 ob
1087 2066 1140 2109 res
1170 2065 1268 2128 quom

90 2167 199 2232 neque
227 2152 263 2212 tu
293 2148 484 2231 cujusquam
514 2148 716 2231 protectione
740 2169 821 2232 opus
846 2148 982 2227 habeas,
1015 2170 1119 2233 neque
1144 2149 1268 2232 scripta

91 2257 148 2333 tua
182 2251 288 2318 alieno
320 2251 490 2318 defensore
522 2259 654 2337 egeant,
689 2253 777 2319 haud
806 2275 969 2338 quaquam
1002 2261 1091 2319 certe
1122 2276 1203 2338 opus
1227 2253 1266 2319 de

91 2357 220 2422 arcanis
237 2356 405 2422 catholicae
421 2359 568 2424 veritatis
591 2360 623 2423 in
639 2359 845 2424 thalmudicis
861 2359 952 2424 libris
970 2359 1140 2438 contentis,
1165 2374 1265 2442 super

91 2463 248 2528 articulos
272 2470 385 2528 contra
412 2463 558 2529 libellum
581 2471 673 2529 tuum
697 2464 826 2529 oculare
850 2463 1017 2546 speculum
1041 2469 1262 2545 nuncupatum

92 2568 264 2648 exhibitos,
279 2568 449 2635 fundatum
458 2591 633 2654 aggressus
648 2569 790 2648 fuissem,
800 2569 861 2633 nisi
872 2569 1132 2634 reverendissimi
1146 2567 1266 2632 domini

92 2675 155 2739 mei
188 2681 376 2740 sanctorum
401 2681 421 2739 4
450 2674 684 2741 Coronatorum
715 2675 920 2739 cardinalis²
949 2681 983 2739 et
1005 2673 1266 2739 reverendissimi

91 2779 228 2844 Adriani
244 2779 445 2865 aliorumque
463 2782 665 2865 quorundam
681 2781 863 2863 principum
878 2780 1092 2845 cardinalium
1110 2780 1165 2864 qui
1184 2779 1265 2844 veri-

92 2886 173 2950 tatis
194 2885 406 2951 discutiendae
422 2887 537 2970 gratia,
562 2886 622 2952 hoc
637 2887 715 2950 mihi
732 2887 838 2951 oneris
853 2887 1085 2969 imposuerunt,
1106 2885 1267 2969 jussiones

92 2989 134 3055 ad
156 2990 194 3055 id
219 3012 270 3055 me
293 3012 376 3075 pene
400 2993 535 3056 invitum
552 2992 764 3057 induxissent.
810 2991 870 3057 Cui
892 2992 1020 3076 quidem
1047 2991 1138 3075 operi
1155 3013 1265 3076 quam-

92 3097 139 3162 uis
174 3082 334 3163 hactenus
357 3119 483 3164 summa
506 3119 578 3163 cum
603 3097 769 3181 diligentia
792 3098 943 3163 insistere
972 3119 1035 3163 non
1060 3098 1259 3176 destiteram,

92 3208 161 3267 tum
172 3207 210 3267 ut
226 3203 401 3268 eorundem
411 3203 594 3288 principum
610 3202 823 3268 cardinalium
834 3204 979 3287 jussibus
992 3204 1262 3287 obtemperarem,

91 3312 159 3373 tum
176 3306 481 3391 probatissimorum
497 3310 639 3374 virorum
654 3308 675 3373 J
677 3309 770 3374 acobi
786 3309 1033 3392 Questembergi
1055 3309 1167 3391 graecis
1190 3308 1266 3372 lati·

92 3414 207 3498 nisque
231 3413 335 3478 literis
365 3413 560 3497 pereruditi,
585 3414 718 3479 Joannis
742 3413 892 3479 Potikani
915 3415 948 3477 in
975 3412 1159 3478 Chaldiaois
1182 3433 1264 3495 prae-

92 3518 235 3602 raptoris
259 3518 362 3598 mei,³
394 3519 549 3603 Stephani
571 3519 684 3585 Rosini
713 3519 914 3601 imperatorii
942 3519 1164 3602 procuratoris
1187 3517 1264 3601 vigi·

92 3622 274 3702 lautissimi,
309 3629 343 3689 et
374 3623 550 3708 Chasparis
574 3623 810 3707 Vaingensis,4
848 3625 903 3708 qui
935 3645 1045 3689 omnes
1080 3645 1149 3688 rem
1173 3631 1263 3688 tuam

92 3730 179 3795 omni
211 3729 334 3809 studio,
365 3730 515 3814 omnique
543 3730 642 3794 animi
672 3728 882 3813 corporisque
912 3728 1024 3794 labore
1056 3751 1171 3794 curare
1199 3752 1263 3796 non

91 3833 252 3913 desinunt,
276 3835 415 3901 assiduis
431 3834 711 3901 exhortationibus
729 3836 862 3900 maxime
880 3842 986 3900 motus
1010 3857 1050 3900 ne
1076 3834 1180 3900 dicam
1203 3836 1262 3899 im·

91 3942 215 4025 pulsus.
262 3941 343 4007 Amo
373 3947 483 4007 tamen
506 3963 606 4007 causa
630 3940 678 4004 tui
707 3962 744 4005 eo
769 3943 953 4006 accuratius
980 3942 1031 4006 rei
1054 3939 1257 4025 perficiendae

91 4067 228 4132 operam
253 4045 331 4112 dare
355 4047 512 4129 conabor,
537 4069 602 4131 quo
630 4046 806 4129 gratiorem
838 4047 901 4113 tibi
924 4069 993 4113 rem
1016 4069 1067 4112 me
1096 4047 1261 4112 facturum

165 4230 176 4276 1
200 4224 355 4293 Gregorius]
375 4223 510 4276 riellaicht
521 4225 610 4277 dalrob
624 4162 719 4277 Gouda
737 4242 758 4275 s.
778 4241 801 4276 o.
823 4225 912 4278 adan.
928 4225 1082 4277 rara-Nm.
1096 4223 1261 4274 CLXXVIII.

88 4315 338 4366 tmmzfflm
413 4313 798 4366 3Pfflmsomooel
871 4314 1259 4391 tffilfflmmmwm

88 4418 143 4454 nro.
165 4402 360 4453 CLXXXXVI.
998 4477 1056 4536 16*
