2716 4898
577 705 747 775 CCXVIII.

144 795 335 848 Ottenbeuern.
1019 793 1108 846 estat
1131 794 1207 846 1516.

236 885 363 960 Frater
380 881 559 958 Nicolaus
577 882 764 984 Ellenbog
783 882 968 985 Oapnioni
987 882 1024 958 S.
1046 883 1091 957 D.

164 1033 352 1116 Praeceptor
375 1029 522 1110 colende,
547 1031 602 1114 qui
625 1029 684 1095 hae
708 1030 769 1096 tibi
793 1030 935 1096 reddidit
957 1028 1069 1099 literas
1092 1038 1188 1117 pater
1211 1038 1244 1099 et

72 1136 237 1222 iucundus
260 1142 294 1202 et
317 1135 421 1203 bouus
437 1134 551 1200 diebus
573 1135 625 1200 hic
649 1135 714 1219 egit
737 1137 858 1218 paucis.
905 1136 969 1203 Ubi
984 1144 1094 1204 autem
1107 1137 1245 1221 accoepit

71 1263 125 1307 me
159 1241 222 1307 tibi
251 1246 344 1306 tanta
373 1240 556 1306 devinctum
586 1241 839 1322 necessitudine,
870 1242 996 1326 absque
1024 1242 1105 1309 meis
1136 1241 1179 1308 ad
1211 1248 1245 1307 te

72 1347 180 1413 literis
196 1346 287 1412 abire
310 1345 385 1410 hinc
401 1345 513 1410 noluit.
559 1344 622 1410 Sed
639 1366 676 1410 eo
701 1345 827 1412 facilius
843 1347 1029 1432 impetravit
1053 1347 1140 1433 quod
1160 1347 1246 1414 vole-

71 1453 133 1519 bat
156 1473 221 1536 quo
245 1451 305 1517 tibi
337 1472 407 1516 sum
431 1448 566 1515 affectus
589 1451 791 1534 propensius,
837 1453 884 1518 Eo
908 1459 1015 1518 autem
1041 1474 1092 1519 me
1116 1474 1186 1519 esse
1210 1453 1244 1517 in

72 1563 107 1623 tc
132 1557 242 1622 animo
274 1557 356 1622 scias
381 1555 465 1621 bono
494 1561 527 1621 et
557 1556 660 1620 amico
691 1577 755 1640 quo
779 1556 825 1621 lui
853 1579 981 1641 semper
1011 1565 1044 1623 et
1067 1564 1187 1641 praeter
1209 1558 1244 1622 id

73 1663 204 1747 quidem
228 1661 314 1746 quod
337 1682 422 1727 nunc
444 1660 487 1726 ad
509 1666 542 1725 te
559 1659 734 1726 scriberem
759 1661 858 1726 habui
878 1661 967 1727 nihil.
1014 1662 1165 1728 Ceterum
1180 1662 1245 1726 avi·

74 1768 209 1833 dissime
233 1766 327 1850 cupio
343 1765 451 1831 videre
475 1769 860 1849 311111111111111,
885 1768 1034 1851 promisit
1056 1767 1143 1832 onim
1166 1767 1244 1832 mihi

75 1872 233 1957 praefatus
254 1879 350 1956 pater
372 1892 408 1936 se
431 1870 509 1935 mihi
531 1869 622 1935 illum
638 1871 808 1937 missurum
831 1872 930 1939 brevi.
976 1873 1057 1940 Vale
1073 1872 1165 1940 bene.
1194 1873 1244 1939 Ex

77 1978 280 2061 Ottenpurra
301 1976 406 2060 pridie
429 1996 532 2042 nonas
555 1977 632 2062 maji
657 1981 751 2043 1516.

124 2112 126 2117 “
164 2103 227 2162 Aue
249 2103 302 2162 der
324 2100 516 2163 handschriit:
540 2124 582 2156 =
602 2104 764 2178 Ellenbogii
790 2105 979 2179 epistolarum
1004 2104 1072 2163 libri
1094 2105 1147 2164 IX.
1172 2105 1242 2165 God.

78 2210 126 2270 lat.
155 2212 252 2269 5643·
268 2209 320 2269 der
342 2209 472 2270 biblioth.
497 2210 642 2269 nationale
662 2210 693 2268 in
714 2210 813 2284 Paris,
837 2212 892 2269 vol.
911 2210 938 2284 Ι,
966 2209 1016 2268 lib.
1032 2209 1085 2285 Ill,
1110 2211 1242 2284 epistt,

79 2313 125 2375 fol.
147 2311 216 2374 llb.

593 2498 732 2566 ccxix.

148 2589 291 2653 8111131111.
1009 2587 1110 2638 5111111
1132 2589 1208 2638 1516.

343 2674 368 2749 J
370 2701 508 2750 oannes
526 2674 710 2751 Reuchlin
729 2703 778 2749 an
796 2674 972 2751 Erasmus

78 2839 178 2906 dankt
202 2838 256 2905 1111
279 2837 467 2904 1111111111
484 2838 572 2904 briei
594 2839 660 2905 und
683 2838 777 2905 buch.
808 2839 970 2906 Mehercle
986 2861 1059 2906 cum
1083 2846 1140 2906 tua
1163 2838 1244 2924 lego,

76 2946 118 3011 ita
133 2965 283 3010 meorum
298 2950 480 3009 contemtor
502 2966 573 3009 sum
596 2950 633 3009 ut
655 2966 740 3029 saepe
763 2951 852 3012 totus
875 2967 896 3010 a
919 2945 1043 3012 calamo
1069 2945 1244 3026 desideam,

76 3050 264 3116 subtristior
278 3048 524 3133 aliquantisper,
547 3049 624 3115 dum
645 3051 825 3116 studiorum
842 3058 972 3118 tuorum
988 3053 1242 3136 magnitudinem

77 3162 162 3223 recte
197 3152 309 3239 judico
346 3155 522 3240 scriptores
564 3155 670 3220 aetatis
708 3162 827 3222 nostrae
865 3159 988 3223 omneis
1028 3158 1245 3243 undequaque

650 3285 668 3324 111

75 3376 295 3443 quemadmodum
314 3382 340 3427 11
358 3376 502 3426 Germanos
521 3390 620 3438 omnes,
638 3381 765 3440 quotquot
784 3375 872 3426 Roma
890 3382 961 3438 sunt,
980 3374 1126 3426 eruditione
1145 3373 1245 3440 longis-

74 3467 136 3518 sime
163 3464 309 3515 antecellit.
344 3464 490 3530 Stephanus
510 3470 596 3515 autem
617 3463 741 3527 Rosinns,
760 3470 789 3513 ut
806 3462 918 3514 Caesaris
945 3463 1145 3514 sollicitatorem
1163 3451 1245 3526 decet,

73 3554 94 3606 iu
115 3569 220 3620 11131111
246 3552 315 3618 apud
341 3559 475 3602 senatores
501 3568 591 3603 omnes
610 3560 766 3619 purpuratos
789 3552 996 3614 existimatione,
1020 3553 1107 3617 31111111
1134 3551 1245 3602 mirifico

72 3644 162 3708 pollet.
204 3640 343 3691 Galaticus
362 3640 447 3706 patria
461 3640 637 3706 Dyrochinus,
657 3643 762 3690 natione
775 3641 893 3707 Epirota,
912 3639 1001 3701 latine,
1020 3655 1114 3705 311111,
1133 3639 1246 3704 ebraice,

72 3729 265 3794 chaldaiceque
291 3728 483 3779 eruditissimus
505 3727 561 3792 jam
584 3736 651 3790 tum,
679 3744 738 3779 cum
764 3745 814 3794 131
834 3728 919 3779 adhuc
938 3727 1025 3778 Roma
1045 3743 1137 3792 essem,
1156 3729 1181 3778 in
1202 3729 1246 3781 ds·

72 3819 221 3872 tunionem
241 3815 385 3885 Capnionis
405 3816 520 3866 scribare
538 3817 679 3882 inceperat,
700 3817 840 3881 conarique
858 3816 1036 3866 demonstrare
1056 3818 1143 3866 omnia
1161 3818 1245 3867 nostri

72 3906 207 3976 dogmatis
226 3907 352 3971 mysteria
371 3905 397 3953 in
417 3903 597 3955 thalmudicis
617 3905 795 3955 voluminibus
815 3903 916 3967 haberi,
953 3905 1072 3968 Dumque
1091 3920 1140 3970 131
1161 3904 1245 3955 discs-

72 3995 171 4056 lerem,
192 3992 283 4044 decem
302 3993 437 4043 volumina
451 3994 575 4044 absoluta
589 4000 670 4055 erant,
690 3993 847 4056 dicebatque
865 3992 987 4041 iacienda
1000 4007 1138 4059 superesse
1157 3993 1245 4045 adhuc

72 4094 142 4136 soto.
182 4083 232 4132 His
258 4083 338 4147 igitur
362 4083 515 4147 argonautis
541 4099 617 4148 spero
637 4082 800 4147 capnionenr
820 4095 925 4130 aureum
951 4079 1038 4130 vellus
1057 4096 1089 4130 ex
1108 4079 1244 4146 Colchide,

72 4171 121 4223 boc
142 4179 198 4233 est,
222 4170 445 4236 speciosissimam
471 4170 503 4219 de
524 4169 640 4220 diabolis
656 4170 711 4219 suis
730 4167 867 4218 victoriam
886 4167 1037 4217 relaturum.
1074 4168 1185 4219 Valeat
1204 4185 1246 4221 111

72 4276 142 4311 ama.
182 4259 232 4308 Die
247 4259 347 4308 Dianae.
386 4259 463 4308 Brevi
483 4265 509 4308 te
523 4258 625 4310 videbo.
651 4256 766 4320 Petrejus
781 4255 1048 4322 llpcrbacchustnus.
1088 4255 1245 4312 Contacta.

75 4350 138 4401 31111.
159 4346 206 4398 rot.
228 4348 294 4396 2562
311 4345 354 4396 bis
373 4347 448 4397 257⁸.

148 4439 160 4492 1
181 4435 233 4493 Die
251 4432 394 4510 folgenden
412 4433 587 4496 hebrtisoben
606 4438 687 4495 sorte
706 4431 767 4493 sind
785 4432 860 4495 aiolo
878 4446 911 4485 au
929 4430 1010 4492 lesen.
