2716 4898
659 112 723 180 347

101 324 176 391 qua
200 303 302 371 habet
324 304 479 392 relinquit
503 303 642 372 divinam
667 303 837 391 poeticam,
852 304 888 372 ⁴lu
908 303 999 373 haud
1013 312 1073 375 'est
1087 327 1126 375 eo
1141 307 1270 394 dignum

102 409 161 496 qui
183 432 263 477 vero
286 431 350 478 non
374 418 425 479 est
447 432 487 478 ea
509 411 640 496 dunos,
671 412 701 477 ei
722 411 821 478 nolim
844 411 991 479 misteria
1016 412 1140 498 Virgilii
1162 414 1271 482 orthe-

102 515 336 603 graphiamque
370 519 618 584 communicare.
664 517 712 584 'lu
742 538 832 597 vero,
864 539 935 583 cnm
968 524 1003 584 et
1033 521 1101 585 sine
1134 521 1270 604 pecuina

102 623 219 706 diguus
247 624 293 689 sis
318 624 462 689 Maronis
486 623 677 708 discipulus,
710 645 768 706 ego
798 629 874 689 ate
899 645 960 689 non
985 624 1073 691 aliud
1103 626 1271 710 praemium

103 736 212 812 petam
242 729 304 793 nisi
335 729 419 813 quod
446 751 507 794 non
532 732 688 794 minorem
711 750 856 813 apponas
880 750 1012 814 operam
1035 730 1166 797 lectioni
1188 752 1270 799 meae

102 834 142 915 (si
174 834 271 900 modo
300 833 404 899 faciat
433 834 609 899 multitudo
640 834 824 900 auditorum
855 856 906 900 me
930 835 1185 920 continuantem)
1209 837 1270 904 vir·

101 940 229 1024 gilianae
261 961 358 1024 quam
392 940 476 1007 solet
506 942 560 1026 qui
592 961 651 1024 pro
682 940 787 1006 salute
822 960 882 1005 sna
913 942 1044 1008 militat.
1091 942 1205 1009 Adhuc
1234 950 1269 1010 et

100 1046 182 1112 illud
214 1046 275 1111 ahs
306 1053 339 1111 te
368 1046 478 1124 uelim,
510 1052 547 1111 ut
570 1046 806 1130 condiscipulos
834 1054 907 1113 tuos
940 1048 972 1113 in
1005 1045 1113 1113 studia
1141 1049 1268 1132 poetica

100 1152 266 1218 cohortari
290 1157 323 1218 et
345 1173 472 1218 armare
496 1172 559 1216 nou
584 1173 706 1231 cesses,
737 1174 808 1218 cum
841 1160 877 1217 tu
900 1154 984 1218 scias
1009 1154 1096 1219 nulla
1119 1175 1179 1220 nos
1201 1155 1268 1221 alia

100 1281 135 1324 re
160 1279 256 1343 posse
279 1257 350 1323 fieri
372 1258 501 1324 nomine
532 1258 739 1324 immortales.
785 1258 849 1324 Fac
873 1259 917 1324 sis
949 1267 1095 1325 attentus
1130 1267 1164 1325 et
1194 1267 1269 1326 tuos

99 1363 231 1430 sodales
253 1364 287 1429 in
310 1364 474 1429 latinitate
497 1362 660 1429 confirma.
700 1363 919 1428 Baccalauren
942 1363 1100 1429 Gerster¹
1125 1364 1268 1432 scrihere

99 1470 310 1536 constituisse
339 1470 361 1548 ²,
384 1469 442 1535 sed
475 1471 553 1554 qnia
583 1469 664 1534 hora
693 1468 921 1552 resumptiouis
952 1468 1139 1534 salustiauae
1170 1471 1267 1551 uenit,

99 1597 159 1660 ego
182 1575 319 1658 posthac
343 1575 460 1659 sapius
483 1574 525 1639 ad
549 1596 621 1641 eum
645 1574 731 1640 dabo
755 1574 877 1639 literas.
916 1574 985 1639 Hoc
1009 1574 1038 1639 ei
1062 1573 1171 1654 dicito,
1196 1575 1268 1642 Ser-

98 1682 186 1746 vium
217 1701 323 1746 meum
355 1701 427 1746 esse
460 1680 687 1746 venundatum.
734 1679 829 1759 Vale,
861 1702 920 1764 ego
943 1680 985 1745 ad
1009 1682 1266 1765 resumpcionem

99 1786 332 1871 discipulorum
356 1787 448 1851 vado.

189 1896 352 1956 Haudschr.
371 1918 413 1949 =
431 1897 472 1955 St.
490 1894 605 1970 Galleu,
627 1897 698 1957 Vad.
721 1895 789 1957 bibl.
813 1912 875 1957 nra.
896 1898 969 1971 569,
993 1913 1130 1972 unpagu,
1151 1901 1165 1956 l
1184 1898 1265 1957 seite.

169 2220 289 2288 (neuun
662 2132 705 2199 μ’
1117 2222 1228 2288 (nerra)

352 2308 548 2412 [Reuchlin
567 2335 616 2381 an
635 2309 757 2386 Jacob
776 2309 948 2409 Hugonis
968 2307 1008 2410 ⁸.]

184 2471 255 2539 Non
285 2494 417 2558 possum
443 2495 506 2539 uon
537 2472 701 2553 admirari,
724 2472 849 2540 Jacobe
872 2473 1030 2556 Hugouis,
1053 2471 1265 2560 philosophia

93 2579 252 2664 magister
283 2579 481 2664 gravissime,
509 2578 711 2664 quorundam
743 2578 973 2663 discipulorum
997 2577 1263 2664 ingratitudinem

91 2685 184 2751 velut
212 2684 343 2750 Euathli
372 2687 424 2751 cui
447 2686 659 2767 Protagoram
691 2685 791 2751 fuisse
823 2692 1057 2770 praeceptorem
1080 2682 1271 2770 perhibent·

92 2791 198 2857 virum
225 2791 310 2856 inter
341 2793 498 2876 primates
522 2790 688 2857 rhetorum
712 2791 889 2875 sophistam
915 2798 948 2857 et
971 2790 1206 2875 perfacundum
1230 2796 1265 2857 et

91 2896 284 2980 perdoctum
301 2903 338 2962 ut
353 2898 408 2983 qui
424 2897 644 2963 Democritum
659 2897 692 2962 in
709 2897 879 2982 disciplina
895 2898 938 2964 sit
960 2906 1166 2984 assequutus,
1189 2919 1264 2964 eum

92 3001 343 3086 Prothagoram,
367 3024 440 3067 cum
463 3010 550 3068 esset
574 3004 733 3070 Euathlus
756 3004 799 3069 ab
821 3005 893 3088 ipso
915 3003 1018 3086 longis
1042 3004 1135 3068 annis
1158 3003 1264 3069 erudi-

92 3115 156 3188 tus,
188 3107 238 3173 uti
263 3109 332 3191 jam
364 3107 451 3174 haud
485 3108 700 3192 inelegantem
731 3116 895 3175 oratorem
925 3130 960 3173 se
983 3107 1129 3193 profiteri
1152 3129 1263 3175 coram

670 3263 686 3300 ‘l‘

169 3348 180 3392 l
206 3343 322 3396 Jeanncs
341 3345 446 3397 Geruter
468 3346 500 3396 de
522 3345 687 3397 Kouffbliren
713 3344 850 3410 Augusteu
874 3343 950 3411 dyoc.
975 3343 1064 3395 nunde
1082 3345 1152 3394 1475
1171 3343 1262 3395 imma·

92 3432 236 3483 trikuliert.
273 3433 328 3484 Der
345 3450 422 3485 name
439 3435 476 3485 ist
494 3436 521 3485 in
541 3434 586 3484 der
605 3431 727 3483 matrihel
745 3431 938 3483 unterstrichen
958 3431 1013 3482 und
1031 3448 1080 3482 vor
1098 3432 1151 3483 ihm
1171 3432 1263 3484 slehen

90 3519 156 3571 anei
175 3520 293 3584 asicham,
320 3521 363 3573 die
385 3521 526 3573 besonders
551 3524 600 3572 aul
622 3521 667 3571 ihu
692 3519 835 3571 hinweieen
859 3519 955 3581 uollen,
980 3519 1047 3570 doch
1067 3521 1102 3572 ist
1120 3520 1165 3571 der
1183 3536 1261 3571 manu

90 3614 167 3658 sonet
184 3625 252 3675 gana
271 3609 427 3661 unbekannt
446 3609 627 3677 (mittheilung
645 3609 676 3660 dr
693 3609 724 3659 L.
744 3608 865 3675 Slehers).
935 3612 949 3658 2
971 3608 1025 3659 Soll
1041 3608 1180 3674 Jedeut'alls
1200 3623 1262 3659 con·

90 3696 231 3747 stitueram
243 3696 355 3748 heiunen.
412 3702 426 3748 3
446 3699 522 3749 Ohne
534 3699 683 3760 antechrilt,
698 3697 751 3763 vgl.
765 3696 807 3746 die
818 3700 900 3746 unten
912 3712 933 3746 s.
948 3699 1009 3759 348,
1021 3712 1045 3747 a.
1063 3701 1074 3746 1
1089 3694 1263 3762 mitgetheilte

91 3783 274 3835 unteruchrilt.
312 3785 400 3837 Selbst
419 3803 494 3836 wenn
513 3786 583 3837 diese
601 3786 677 3836 nieht
694 3784 866 3835 uumittelbar
886 3789 964 3834 uuter
982 3783 1039 3834 dem
1058 3783 1139 3834 briele
1157 3781 1260 3847 sdlnde,

91 3887 121 3922 so
142 3870 231 3922 wlirde
256 3872 340 3923 dieser
358 3873 440 3924 durch
464 3874 553 3925 seinen
578 3874 664 3925 inhalt
687 3872 729 3922 die
748 3871 950 3923 Reuchlinische
973 3871 1099 3922 herkuutt
1117 3886 1262 3938 genugsam

90 3958 240 4009 bekunden.
272 3960 326 4010 Der
338 3960 408 4011 briei
418 3962 454 4012 ist
466 3963 510 4011 uir
522 3961 564 4012 die
576 3960 730 4028 biographie
742 3960 885 4011 Reuehlins
903 3959 1023 4011 deeshelb
1037 3975 1089 4010 von
1102 3957 1134 4009 eo'
1144 3975 1262 4026 grosuem

90 4046 182 4108 werth,
202 4047 260 4097 weil
280 4064 308 4097 er
326 4049 404 4115 zeigt,
424 4048 484 4100 dass
502 4048 555 4098 und
574 4050 658 4099 werin
679 4050 710 4099 R.
729 4048 771 4100 bei
789 4048 815 4098 J.
836 4049 870 4097 H.
891 4047 1036 4099 uuterricht
1058 4062 1187 4114 geneuseu
1206 4046 1261 4099 hat.

89 4119 162 4183 fiber
184 4132 301 4184 lacobus
320 4135 442 4202 Ilugonie
461 4136 492 4186 de
510 4137 717 4187 Moussmllnster
740 4136 793 4202 vgl.
817 4136 884 4188 oben
907 4151 964 4186 nro.
984 4136 1022 4196 l⁵;
1046 4135 1132 4184 feruor
1150 4133 1261 4186 Visebat

90 4237 111 4275 s.
136 4223 194 4276 168.
211 4223 259 4274 189
279 4238 301 4276 a.
315 4225 358 4290 58,
379 4239 399 4276 s.
419 4226 479 4277 324.
511 4225 547 4276 Er
568 4224 656 4275 wnrde
678 4225 745 4276 1475
764 4223 978 4278 immatrikuliert
997 4222 1051 4277 und
1075 4227 1141 4276 1477
1167 4229 1259 4276 tentor.
