2716 4898
615 279 677 347 139

50 468 179 535 tionem
200 469 395 554 particulari
418 469 513 537 modo
538 469 685 555 specifice
707 471 809 537 latam
831 472 999 553 vidissem,
1027 481 1098 539 tum
1126 493 1185 558 ego
1212 473 1225 514 ¹

53 596 125 639 rem
157 595 285 640 omnem
314 581 469 661 tanquam
499 576 712 642 dubitabilem
742 583 885 643 tractare
917 580 1024 662 topica
1056 580 1226 645 rhetorum

54 702 146 746 more
170 681 214 745 ad
236 682 501 765 persuadendum
525 689 601 766 apto
635 683 855 749 instituissem.
903 684 967 749 Ubi
996 686 1099 750 omnis
1129 685 1229 750 animi

55 793 166 852 motus
181 808 240 870 pro
256 794 449 870 argumento
465 788 537 868 fuit,
562 788 628 853 sive
645 797 797 854 causaret
813 790 1049 873 quantamlibet
1072 791 1226 874 suspicio·

53 914 138 971 nem,
155 913 214 958 seu
231 892 404 957 violentam
428 893 688 959 vehementemve
706 895 718 932 2
742 897 1034 979 praesumptionem,
1059 901 1117 960 aut
1133 902 1222 961 certe

55 998 278 1063 necessariam
307 998 546 1082 probationem,
577 1006 615 1064 ut
645 999 678 1062 in
702 1000 913 1066 deliberativo
949 1001 1078 1066 dicendi
1108 1022 1225 1084 genere

55 1101 151 1168 lieri3
175 1105 351 1169 consuevit.
388 1106 425 1170 In
442 1105 521 1188 ipsis
538 1113 648 1170 autem
664 1107 887 1188 argumentis*
907 1106 1047 1171 fortasse
1064 1106 1227 1189 digressus

56 1230 129 1274 sum
151 1208 250 1292 paulo
273 1210 413 1294 amplius
437 1232 536 1296 quam
559 1217 709 1295 oportere
733 1211 930 1295 quibusdam
953 1212 1110 1276 videatur.

146 1315 199 1394 Et,
223 1320 258 1379 ut
280 1337 332 1379 me
355 1315 600 1400 peregrinorum
624 1316 769 1383 cohors5
792 1318 875 1382 istac
898 1318 1137 1382 transeuntium
1159 1339 1228 1381 oer-

57 1420 176 1484 tiorem
198 1420 286 1499 facit,
311 1442 368 1504 ego
392 1421 504 1486 multis
527 1422 560 1486 in
584 1423 714 1487 civitate
738 1429 846 1488 vestra
863 1423 1033 1487 calumniis
1049 1422 1227 1502 insimulor,

56 1546 138 1609 quas
162 1525 398 1610 Peperieornus
423 1535 455 1592 et
477 1527 736 1611 Peperipbroues
759 1528 838 1592 mihi
861 1529 959 1592 nullis
988 1529 1067 1592 meis
1092 1549 1229 1592 comme-

56 1631 128 1696 ritis
152 1631 412 1714 praecedentibus
436 1632 691 1717 circumquaque
716 1634 914 1697 cursitantes
940 1638 1083 1697 struunt.
1130 1635 1229 1697 Acce·

57 1737 106 1802 dit
128 1737 172 1801 ad
195 1737 266 1816 hoc,
291 1738 379 1822 quod
403 1722 564 1823 quidam⁶
597 1738 826 1822 spectatissimi
857 1737 1027 1820 theologia
1062 1737 1228 1803 candidati

58 1842 208 1907 fortassis
232 1864 315 1925 aegre
340 1842 426 1907 ferre
449 1849 591 1926 possent,
615 1865 665 1908 me
690 1845 746 1927 qui
777 1865 944 1909 sacrarum
968 1844 1141 1908 literarum
1164 1842 1229 1909 dis·

59 1948 186 2032 cipulus
210 1969 377 2033 nunquam
400 1949 527 2028 fuerim,
550 1949 712 2014 hominem
736 1950 858 2014 scilicet
882 1949 953 2033 ejus
975 1949 1117 2014 seientiae
1140 1950 1230 2032 igna-

58 2071 150 2132 rum,
184 2055 379 2140 autoritates
412 2054 587 2120 inseruisse
621 2055 762 2134 divinas,
798 2061 831 2120 et
871 2060 1058 2120 sanctorum
1094 2056 1228 2119 Patrum

58 2160 244 2250 testimonia
267 2180 287 2223 a
310 2181 361 2224 me
386 2181 449 2224 non
475 2160 565 2239 bene,
589 2167 626 2225 ut
649 2161 750 2244 ajunt,
774 2161 948 2226 intellecta.

147 2266 283 2348 Egregie
306 2271 339 2330 et
363 2267 630 2332 excellentissime
654 2269 768 2332 doctor
792 2274 824 2332 et
853 2266 1143 2332 observandissime
1175 2264 1230 2329 do·

58 2371 158 2450 mine,
187 2371 330 2436 adducta
360 2394 419 2455 per
448 2394 499 2436 me
536 2395 656 2438 cernes
692 2372 886 2455 theologica,
922 2373 1007 2436 sicut
1035 2371 1232 2435 rusticorum

60 2477 213 2541 sacerdos
249 2477 283 2541 in
310 2478 512 2543 sermonibus
544 2480 738 2544 medicinam
769 2478 910 2560 allegare
942 2483 1061 2560 posset.
1112 2476 1231 2539 Fateor

59 2582 159 2646 enim:
193 2582 226 2645 in
257 2582 375 2646 scholis
407 2583 601 2667 theologiam
625 2605 688 2648 non
716 2585 726 2622 ⁷
763 2583 876 2660 didici,
911 2581 969 2645 sed
993 2580 1104 2646 civiles
1126 2580 1225 2662 leges,

59 2705 159 2771 quare
175 2693 321 2752 vestram
337 2687 525 2772 disputandi
541 2691 699 2754 rationem
715 2690 827 2771 ignoro
845 2687 866 2751 ⁸.
913 2688 972 2752 Est
988 2693 1099 2750 autem
1115 2684 1231 2749 nihilo·

58 2793 165 2858 minus
181 2793 259 2856 mihi
275 2811 359 2876 pura
375 2795 581 2875 conscientia,
606 2796 692 2880 quod
709 2795 858 2859 voluntas
882 2814 954 2857 mea
974 2813 1037 2856 non
1059 2796 1228 2855 avertatur

59 2898 221 2963 aChristo
239 2899 294 2982 qui
311 2906 360 2964 est
376 2906 474 2983 caput
491 2901 643 2966 eeclesia.
672 2900 831 2984 Quicquid
847 2899 946 2982 igitur
962 2902 1075 2963 sancta
1092 2896 1230 2961 ecclesia

60 3025 129 3088 quae
154 3011 204 3069 est
227 3004 377 3070 columna
400 3013 434 3070 et
456 3003 695 3071 firmamentum
718 3006 865 3070 veritatis
881 3003 993 3082 eredit,
1018 3009 1051 3068 et
1073 3002 1230 3086 qualiter-

60 3130 198 3195 cumque
228 3110 332 3176 credit
355 3112 441 3177 idem
465 3134 524 3196 ego
549 3119 582 3178 et
606 3114 716 3178 taliter
738 3111 845 3177 credo.
893 3112 934 3174 Et
963 3110 1049 3174 sieut
1076 3110 1148 3191 ipsa
1172 3130 1227 3172 ex-

59 3217 149 3298 ponit
177 3237 304 3281 sacram
334 3217 542 3301 scripturam,
570 3219 619 3283 ita
644 3222 709 3302 'ego
739 3216 962 3302 exponendam
987 3236 1101 3280 censeo
1126 3221 1228 3297 atque

60 3319 222 3387 confiteor.
267 3323 311 3386 Et
333 3323 360 3387 si
383 3323 552 3407 usquam⁹
575 3324 672 3389 aliter
695 3324 931 3408 exposuissem,
966 3341 1064 3404 quam
1086 3319 1232 3401 patiatur

58 3425 242 3492 intellectus
267 3429 419 3508 ecclesiae,
444 3429 532 3512 quod
555 3437 664 3495 tamen
688 3429 802 3495 fecisse
826 3449 877 3492 me
901 3448 964 3490 uon
997 3424 1141 3500 memini,
1172 3444 1230 3505 ego

57 3554 113 3615 pro
137 3554 224 3597 nuno
247 3535 332 3599 sicut
354 3556 413 3618 pro
438 3540 572 3599 tuneet
587 3541 664 3600 tunc
682 3537 766 3600 siout
781 3555 841 3618 pro
872 3554 956 3596 nune
971 3530 1053 3595 illud
1070 3528 1231 3610 corrigere

59 3659 94 3703 ao
124 3638 299 3703 emendare
329 3646 465 3723 paratus
494 3662 582 3721 sum,
616 3647 650 3705 et
680 3647 769 3706 stare
799 3639 928 3704 omnino
967 3633 1229 3701 determinationi

60 3743 216 3824 ecclesia,
248 3752 286 3809 ut
308 3744 530 3829 integritatem
557 3748 591 3810 in
620 3768 670 3810 me
702 3767 794 3810 suam
813 3745 838 3783 ¹⁰
867 3742 947 3808 fides
977 3741 1231 3807 incontaminata

60 3849 232 3915 custodiat.
279 3851 344 3916 Oro
375 3853 488 3936 igitur,
529 3853 798 3937 prestantissima
828 3851 957 3930 doctor,
993 3854 1040 3929 ut,
1071 3847 1098 3913 si
1130 3866 1229 3930 quen·

638 3981 656 4019 s

129 4043 327 4139 lEgoipdct.
397 4071 843 4122 2Vehementemviolentamvet.
903 4066 1231 4132 al'ieriausgclassena.

58 4163 72 4209 4
92 4160 142 4209 Die
162 4167 319 4226 argumenta
338 4175 396 4226 quae
416 4165 526 4226 possunt
539 4159 699 4210 scholastice
713 4160 739 4207 in
753 4159 911 4208 eontrarium
927 4157 1023 4221 objici:
1044 4153 1232 4219 augenspiegel

57 4248 119 4300 XXI
132 4249 175 4299 bis
189 4249 304 4299 xxxma
353 4249 453 4297 51stac
465 4252 655 4298 transeuntium
669 4249 763 4297 cohors
778 4252 801 4296 2.
849 4249 863 4296 6
878 4244 1071 4312 Spectatissimi
1085 4242 1192 4306 quidam
1207 4247 1233 4293 2.

58 4341 233 4405 ttluuquam
260 4341 283 4387 2.
357 4337 479 4398 8Quare
505 4337 580 4394 datur
600 4373 606 4388 .
627 4373 633 4387 .
654 4372 661 4387 .
686 4337 808 4413 ignorare
835 4339 859 4390 2.
939 4336 953 4389 9
975 4331 1035 4388 0110
1065 4339 1181 4402 tempore
1208 4333 1232 4383 2.

60 4431 90 4481 lo
110 4427 190 4482 Suam
203 4424 375 4494 suegelassen
390 4428 413 4477 2.
