2716 4898
646 307 712 374 215

93 496 280 564 delatorum
306 496 546 564 insimulatione
576 518 710 581 prorsus
734 498 882 564 alienum.
929 498 1043 565 Assilit
1076 497 1151 565 huic
1180 518 1260 565 mere

93 603 232 686 puritati
249 610 321 670 tota
336 604 437 670 ferme
454 603 532 670 urbs
544 605 689 669 Romana
704 611 738 671 et
752 613 941 671 cunctarum
968 607 1134 670 nationum
1151 627 1261 672 omnes

92 708 289 788 doctissimi,
322 730 460 793 quorum
499 731 556 793 ego
595 708 777 776 decretales
813 709 956 794 quotidie
989 711 1102 776 literas
1136 711 1260 794 accipio

93 814 194 879 etiam
217 836 240 880 a
254 813 373 881 finibus
396 814 494 895 orbis,
519 814 747 880 confirmantes
771 836 821 880 me
845 815 941 881 nullis
966 816 1147 882 hominibus
1174 836 1265 882 scau·

92 919 170 986 (1010
200 919 300 987 101000
332 940 475 1005 uuquam
504 920 634 1005 scriptis
662 923 759 1000 meis,
791 922 868 1005 quin
901 943 940 986 ne
963 922 1072 1006 potius
1096 919 1265 1003 aedffieare,

91 1027 125 1091 in
157 1025 230 1103 dies
261 1025 476 1111 plantareque
508 1027 605 1093 variis
634 1027 750 1111 linguis
792 1027 962 1092 ecclesiam
991 1028 1120 1113 spiritui
1150 1034 1262 1093 sancto

92 1132 160 1217 qui,
184 1153 244 1216 per
266 1132 489 1198 diversitatem
513 1132 693 1216 linguarum
722 1141 926 1213 cunctarum,
949 1140 1062 1217 gentes
1084 1135 1117 1198 in
1141 1135 1265 1198 unitate

89 1235 167 1304 fidei
191 1237 410 1322 congregavit.
459 1238 730 1304 Animadvertunt
748 1241 914 1319 nimirum,
946 1240 1031 1324 quod
1061 1260 1119 1324 ego
1142 1239 1266 1323 primus

92 1344 242 1410 omnium
273 1343 386 1410 Graeca
434 1345 467 1409 in
507 1343 714 1410 Germaniam
745 1347 860 1411 reduxi
896 1353 929 1411 et
960 1347 1085 1431 primus
1124 1346 1266 1412 omnium

92 1449 236 1516 ecclesia
251 1449 443 1517 universalis
455 1457 559 1515 artem
574 1456 606 1516 et
618 1451 727 1516 studia
743 1455 900 1518 sermonis
916 1452 1070 1518 Hebraici
1087 1452 1267 1518 condonavi

91 1561 193 1641 atque
209 1556 340 1636 tradidi,
354 1577 455 1640 quare
472 1577 567 1639 spero
591 1578 641 1622 me
658 1580 721 1623 nou
746 1558 870 1624 frustra
885 1579 1027 1642 sperare,
1038 1559 1265 1642 posteritatem

92 1662 351 1728 ecclesiasticam
363 1663 487 1728 meritis
499 1663 580 1728 meis
597 1663 740 1729 futuram
754 1685 817 1728 non
836 1664 996 1747 ingratam
1010 1669 1109 1748 teque
1124 1684 1266 1747 praesen·

91 1774 168 1847 tem,
185 1767 375 1834 beatissime
393 1768 458 1833 Leo
469 1768 560 1833 Pont.
572 1769 722 1848 Maxime,
741 1790 850 1834 rerum
867 1769 969 1853 magis
985 1789 1081 1854 quam
1093 1768 1265 1835 verborum

91 1875 323 1941 aestimatorem
347 1895 407 1960 pro
432 1880 481 1940 tot
505 1881 539 1941 et
554 1882 622 1941 tam
645 1874 736 1941 duris
760 1875 928 1942 laboribus
952 1875 1032 1941 meis
1056 1876 1088 1940 in
1112 1875 1264 1942 orthodo-

91 2002 165 2047 xam
188 1979 287 2046 fidem
317 1979 463 2046 beneficii
490 1980 560 2046 loco
585 1980 712 2047 collatis
743 2003 856 2066 pacem
885 1982 963 2047 mihi
993 1988 1028 2048 et
1055 1982 1155 2048 animi
1177 1987 1266 2047 tran·

91 2084 288 2172 quillitatem
308 2086 396 2171 juste
422 2085 643 2152 redditurum.
666 2087 722 2154 Sin
746 2109 797 2154 me
820 2109 897 2154 vero
921 2088 1033 2172 cupias
1058 2088 1090 2152 in
1114 2087 1175 2154 hac
1198 2087 1266 2153 vita

93 2191 253 2258 malorum
287 2187 505 2278 persecutioni
535 2198 693 2277 perpetuo
729 2192 916 2279 subjacere,
953 2194 1159 2260 vehementer
1190 2215 1267 2278 gau·

92 2297 175 2365 debo
225 2297 330 2364 videri
370 2298 501 2382 dignus,
526 2298 581 2383 qui
604 2305 714 2366 tantas
737 2322 796 2384 pro
833 2300 963 2366 Christo
995 2307 1106 2365 nostro
1130 2299 1266 2382 injurias

92 2406 212 2490 patiar.

183 2512 349 2576 Gedruckt:
369 2536 411 2569 =
427 2514 548 2575 vorrede
572 2515 629 2575 und
645 2516 846 2574 schlussworte
870 2514 921 2574 des
937 2515 1046 2574 werkes
1070 2514 1106 2574 de
1121 2520 1183 2573 arte
1198 2515 1265 2575 cab-

91 2622 225 2684 balistica
242 2622 334 2701 (ausg.
353 2623 535 2682 verzeichnet
549 2621 595 2681 bei
611 2623 749 2696 Bdcking,
767 2622 822 2680 vol.
839 2621 876 2695 ΙΙ,
893 2639 915 2680 s.
936 2623 977 2680 94
993 2615 1048 2703 fg.)
1088 2625 1158 2680 1:
1169 2622 1265 2694 1517,

91 2723 238 2802 AM,
268 2728 319 2786 fol.
351 2723 410 2803 Lb,
446 2727 496 2787 101.
521 2725 666 2787 LXXle
698 2727 750 2801 fg.;
790 2731 874 2784 2:
902 2729 1000 2802 1530,
1031 2726 1081 2786 101.
1105 2727 1119 2784 l
1141 2727 1185 2786 bis
1209 2725 1263 2802 11³,

90 2833 140 2896 151.
175 2834 229 2894 nv
252 2834 296 2894 00
326 2834 424 2906 svin
463 2833 512 2892 151.
545 2833 716 2892 0101111110
748 2833 787 2907 fg.
830 2836 915 2891 3:
943 2834 1026 2892 1550
1059 2849 1081 2891 s.
1115 2835 1178 2891 rao
1212 2831 1262 2907 fg,

92 2959 116 3003 0.
135 2943 201 3000 823
218 2937 269 3016 fg,
293 2957 316 2998 s.
335 2942 398 2998 889
423 2940 467 2999 bis
493 2942 571 3010 8913
599 2941 777 3010 4:1561,
801 2939 855 2998 001.
882 2940 1102 3011 6111110613,
1126 2939 1181 2998 col.
1200 2939 1264 2998 708

91 3048 135 3108 bis
152 3050 229 3120 711,
253 3046 308 3106 001.
331 3047 393 3106 773
410 3045 454 3105 bis
480 3047 554 3104 776.

578 3229 776 3297 CCXXXIX.

163 3318 322 3373 00011011.
1008 3321 1132 3370 0011015
1156 3321 1231 3379 1511,

91 3409 259 3486 Joannes
286 3408 504 3484 Francisous
532 3406 758 3482 Mirandulae
787 3406 958 3482 dominus
991 3433 1041 3480 an
1067 3405 1263 3481 Reuchlin.

183 3556 252 3624 Hat
284 3557 317 3622 in
353 3555 533 3640 Augsburg,
568 3555 620 3621 bei
656 3556 778 3620 seinem
816 3553 983 3619 siebenteu
1018 3552 1201 3619 aufenthalt
1234 3553 1268 3617 in

92 3661 326 3742 Deutschland,
351 3683 413 3728 von
432 3662 615 3746 Peutiuger,
641 3661 694 3727 bei
711 3660 784 3725 dem
808 3658 891 3725 auch
907 3657 1108 3724 Pirlrlreimer
1124 3679 1269 3743 genesen

92 3770 149 3851 sei,
173 3768 349 3835 Rcuchlins
381 3767 567 3833 rudimenta
592 3789 664 3832 zum
690 3763 851 3849 gescheulr
876 3763 1044 3844 erhalten,
1069 3765 1114 3830 sie
1139 3764 1269 3848 gelesen

92 3874 346 3943 undbittetuuu
360 3874 528 3953 Reuchliu,
548 3873 615 3938 ihm
634 3871 826 3937 hebraisohe
851 3870 972 3937 biicher
991 3869 1205 3937 abschreiben
1229 3890 1269 3935 zu

92 3981 202 4050 100000
224 3983 292 4048 und
315 3980 418 4047 durch
433 3981 607 4063 Peutiuger
628 4001 668 4044 zu
692 3976 852 4058 schicken,
876 3978 974 4044 bittet
989 3976 1045 4042 ihu
1061 3976 1181 4056 fernen,
1202 3975 1269 4047 ilum

93 4089 341 4174 mittheilungen
363 4086 447 4153 iiber
468 4085 521 4151 die
544 4091 598 4150 art
621 4083 679 4149 der
703 4083 916 4151 hebritischen
945 4103 1037 4149 verse
1062 4103 1111 4148 nu·
1124 4082 1270 4148 macheu.

93 4194 297 4277 Mirandulae,
322 4198 341 4260 3
365 4191 429 4259 kal.
453 4191 592 4277 Apriles,
615 4211 645 4256 a.
672 4195 756 4255 1517
775 4189 796 4256 ¹.

677 4349 692 4386 0

167 4446 176 4494 l
199 4439 297 4492 Diescu
316 4439 388 4492 briei
408 4435 592 4491 uberachiclsto
612 4435 693 4487 Pinus
718 4436 777 4486 dem
798 4434 976 4487 l‘irclrhcimer
1000 4447 1046 4483 aur
1063 4432 1217 4500 besorgung
1236 4447 1269 4483 00

995 4507 1059 4567 18*
