2716 4898
653 269 722 335 262

104 462 262 547 proximis
292 461 344 526 bis
373 460 539 526 mensibus
569 462 603 525 iu
631 460 689 525 ssla
719 449 1271 537 manummerimdeo

104 567 228 632 indicat
256 566 416 643 fideliter,
446 584 483 632 ur
505 568 620 651 quanti
651 578 684 631 te
711 567 829 645 indat,
864 567 937 650 ipsa
962 585 1026 631 sua
1053 561 1160 630 verba
1187 556 1269 627 band

104 672 244 739 obscure
267 686 440 738 testentur.
483 672 517 737 Is
538 672 649 737 Rom:
679 680 751 738 tota
771 693 874 756 prope
895 677 1024 748 aute,
1052 674 1093 734 ut
1119 664 1266 749 intelligo,

104 799 232 844 morsm
254 780 373 856 traxit,
404 778 574 842 literarum
597 790 631 842 et
661 778 830 862 inprimis
866 775 1024 843 noscendi
1043 773 1133 860 juris
1159 771 1264 857 graba

105 884 172 951 Sed
191 885 251 950 lite
269 886 280 922 ¹
309 883 450 968 quadam
481 885 567 947 iuter
589 905 626 948 se
656 892 692 949 et
714 882 827 948 Gallos
846 881 975 967 aliquoi
995 879 1039 947 ob
1061 901 1120 946 res
1141 877 1261 944 Germa·

105 1011 221 1055 uorum
256 1000 388 1065 exorta,
418 1010 483 1053 uno
514 988 663 1054 coniecto
692 988 804 1067 Gallo,
842 987 976 1072 reliquis
1005 992 1120 1051 autem
1155 981 1258 1049 misere

105 1096 246 1173 sauciis,
275 1094 454 1158 Bononiam
485 1106 596 1178 petere
627 1103 760 1161 coactus
781 1102 849 1173 est,
876 1093 944 1159 illie
966 1089 1120 1157 fortassis
1148 1085 1255 1155 diutule

104 1221 286 1264 mansurus
333 1200 462 1277 Quanto
493 1221 569 1264 vero
600 1222 651 1264 me
682 1200 800 1284 gaudio
832 1199 951 1264 afficiat
973 1196 1078 1262 omnis
1099 1193 1158 1260 illa
1183 1192 1254 1259 mma

105 1326 178 1389 que
202 1305 372 1369 victoriam
394 1307 664 1370 innocentissime
688 1309 761 1370 rite
777 1314 842 1370 tuae
864 1311 978 1370 eontra
993 1302 1177 1368 Stoicorum
1190 1301 1253 1365 istas

105 1410 216 1475 simias
239 1409 414 1494 adjudicat,
438 1433 501 1474 uon
525 1411 621 1475 facile
643 1410 838 1495 scripserim,
860 1431 900 1475 ae
921 1431 962 1473 ue
977 1407 1115 1473 dixerim
1131 1404 1252 1491 quidem,

104 1517 132 1581 si
155 1537 265 1581 coram
281 1537 399 1580 essem:
423 1518 519 1581 testis
542 1518 626 1580 enim
650 1539 721 1582 esse
744 1538 875 1601 possum
899 1514 951 1580 vel
973 1512 1250 1599 posteritatique

105 1623 192 1687 uiam
216 1621 409 1685 altissimum
441 1621 523 1686 illud
551 1630 680 1686 tuarum
709 1622 930 1688 doctrinarum
962 1620 1069 1685 ocium
1101 1625 1168 1683 tem
1189 1637 1250 1702 pre·

105 1729 197 1811 cipiti
235 1726 457 1791 molestiarum
489 1736 523 1791 et
555 1729 838 1811 perturbationum
878 1728 1003 1811 impetu
1038 1744 1105 1790 uon
1141 1723 1250 1807 dignun

106 1833 266 1910 extiterit3
296 1854 433 1916 cumque
463 1832 589 1897 doleam
613 1855 761 1917 persaepe
783 1832 824 1898 de
846 1832 972 1910 multis,
994 1829 1086 1896 istud
1107 1847 1250 1912 nunquan

105 1958 169 2002 non
192 1945 326 2019 gravate
349 1939 419 2015 tuli,
442 1938 529 2022 quod
551 1939 696 2004 homiues
718 1938 775 2018 illi,
797 1957 935 2022 quorum
957 1934 1130 2019 stipendiis
1151 1932 1250 1998 invidia

109 2041 238 2119 militat,
262 2049 373 2107 tantas
395 2045 426 2107 iu
450 2065 487 2108 re
510 2045 640 2109 tantilla
661 2042 837 2127 tragoedias
859 2042 1035 2120 moverint,
1065 2046 1104 2106 ut
1125 2061 1178 2105 res
1197 2044 1249 2103 tota

104 2152 157 2211 tot
174 2147 368 2231 judiciorum
393 2170 561 2229 censuras,
590 2170 781 2233 magnorum
809 2149 908 2214 etiam
934 2147 1082 2233 judicum
1104 2163 1249 2220 consensu,

104 2253 306 2318 sustinuerit.
352 2254 503 2338 Imponet
530 2255 580 2320 his
602 2254 697 2320 finem
722 2257 873 2320 Romauae
903 2253 989 2319 sedis
1017 2252 1194 2332 autoritas,
1213 2253 1248 2314 ot

102 2358 176 2422 vite
200 2365 264 2423 tue
287 2365 322 2423 et
344 2358 536 2424 eruditionis
558 2361 762 2443 preconibus
785 2360 925 2438 munite,
951 2359 1038 2424 inter
1069 2378 1152 2442 quos
1174 2357 1249 2421 stas·

102 2485 190 2527 mum
213 2463 283 2547 ipse
298 2464 550 2529 Roterodnmum
566 2465 649 2530 adeo
674 2465 814 2531 libenter
834 2465 968 2550 accipio,
990 2470 1029 2529 ut
1049 2463 1131 2528 nihil
1155 2458 1247 2544 magis.

101 2568 169 2651 Ego
193 2568 477 2653 quantulacunque
498 2570 648 2635 doctrina
669 2592 708 2636 ao
731 2572 857 2654 ingenio
879 2570 914 2636 id
927 2569 1052 2650 molier,
1076 2574 1115 2635 ut
1131 2567 1248 2635 veluso

97 2672 220 2758 judicio
259 2674 416 2758 Capnioni
454 2674 604 2740 debuisse
647 2677 809 2742 studiosos
853 2697 964 2742 omnes
1001 2675 1115 2740 future.
1152 2668 1248 2739 secula

101 2787 288 2862 agnoscant.
346 2780 533 2845 Excudetur
559 2783 627 2866 jam
656 2804 741 2847 nune
772 2803 867 2848 ame
890 2783 1033 2866 scriptus
1069 2780 1110 2846 de
1140 2777 1247 2865 poetica

101 2883 239 2963 libellus,
261 2886 293 2949 iu
318 2906 381 2969 quo
405 2887 644 2952 meritissimum
668 2888 797 2954 laudem
821 2887 870 2953 tui
892 2887 972 2953 loeis
995 2885 1164 2971 oportunis
1183 2885 1247 2949 inse

101 2990 169 3067 rui,
199 3011 305 3055 meam
334 2993 367 3055 in
391 2999 424 3056 te
456 2992 695 3058 observantiam
724 2994 785 3060 hoc
816 2995 887 3078 ipso
910 2998 1092 3058 testaturus
1115 2992 1183 3076 ejus
1202 2982 1246 3053 tibi

101 3094 228 3178 copiam
251 3094 340 3160 brevi
362 3096 489 3161 faciam.
525 3099 605 3163 Vale
626 3105 659 3163 et
674 3099 790 3164 scribe.
828 3100 966 3165 Vieuuae.
990 3099 1084 3163 Auno
1109 3089 1245 3163 Menti

191 3211 352 3273 Gedruekt:
375 3219 386 3270 1
407 3233 449 3269 =
464 3233 484 3289 y
500 3234 514 3273 z
531 3210 583 3288 iib;
608 3220 686 3274 2:
702 3216 824 3276 Hntteni
845 3232 935 3292 opera
956 3216 1002 3276 od.
1020 3216 1151 3290 Beokiug
1170 3207 1243 3273 roll

99 3335 121 3378 s.
142 3321 215 3379 104.

674 3408 691 3446 ’i

172 3495 183 3538 1
206 3490 274 3558 bite]
294 3491 357 3542 liber
377 3494 463 3544 dieses
478 3495 618 3547 abenteuer
630 3497 686 3563 vgl.
699 3497 800 3548 Hutteu
819 3513 850 3548 nn
865 3496 1015 3549 Gerbellius
1029 3496 1152 3564 Bologna
1162 3497 1190 3546 31
1201 3487 1243 3542 Juli

99 3577 167 3626 1516
187 3577 296 3629 Hutteui
316 3597 394 3646 opera
413 3582 453 3633 ed.
475 3585 609 3651 Bbeking‚
635 3586 687 3635 vol.
708 3588 728 3647 Ι,
747 3602 767 3635 s.
792 3587 840 3637 105
859 3586 877 3636 f.
915 3585 1001 3637 Unser
1025 3584 1098 3636 briei
1119 3585 1155 3637 ist
1171 3581 1243 3634 selbst-

97 3665 276 3717 verstltndlieh
296 3674 385 3736 spttter
403 3672 442 3720 als
463 3671 508 3722 der
526 3676 690 3739 angelistuis,
709 3675 736 3725 in
755 3673 813 3725 dem
835 3675 892 3727 sieb
912 3675 978 3728 iiber
994 3674 1127 3727 Reuoblin
1144 3665 1244 3740 {uigebit

96 3751 172 3801 stelle
192 3754 285 3806 findet:
312 3757 343 3807 de
363 3757 506 3825 Capnionis
531 3765 625 3812 sirmmi
647 3764 695 3812 viri
716 3779 795 3813 eausa
814 3763 881 3814 bene
905 3770 930 3813 ts
949 3779 1056 3831 sperare
1072 3763 1165 3829 jubeo:
1191 3756 1244 3810 salus

95 3840 123 3889 in
142 3843 279 3907 procinctu
300 3851 354 3897 est:
375 3847 552 3913 Hogostratus
571 3849 788 3917 theologistarunr
808 3851 888 3919 alpha
905 3853 1007 3918 ingenti
1028 3850 1141 3904 decoctu
1156 3843 1245 3919 peculi·

95 3926 173 3992 (tanti
193 3947 264 3997 spem
285 3948 358 3984 suom
379 3938 452 4005 enuit)
476 3938 543 3988 nihil
563 3940 650 3990 effecit
669 3941 766 4005 quique
786 3940 848 3991 olim
869 3941 984 4007 potentia
1004 3941 1087 3991 fretus
1107 3956 1155 3992 sua
1167 3936 1245 4007 optino

96 4018 193 4083 euiqne
207 4020 332 4070 molestus
352 4023 429 4073 focile
452 4026 507 4082 suit,
528 4030 557 4094 τῇ
576 4025 670 4095 κεφαλῇ
690 4027 731 4076 τὴν
752 4024 854 4095 οὐρανὸν
874 4025 1002 4098 ἔξαρᾶσσεν
1022 4025 1151 4099 ἐπιχειρῶν
1167 4030 1245 4079 fracto

94 4105 181 4157 animo
208 4115 248 4158 ert
272 4108 464 4177 destitutusque
489 4113 569 4179 lupus
589 4114 666 4167 bians
690 4115 810 4166 discedit.
847 4117 973 4167 Erasmus
991 4119 1113 4184 pontifici
1136 4127 1245 4169 eomueu·

95 4193 167 4244 davit
192 4196 354 4262 Capnionem
381 4199 473 4249 literis,
519 4202 591 4252 Duos
624 4205 771 4253 Germania
794 4205 885 4255 oeulos
911 4206 983 4255 omni
1006 4205 1094 4257 studio
1121 4197 1246 4273 amplexari

94 4279 231 4333 debemus:
253 4301 298 4349 per
316 4303 361 4334 eos
382 4287 450 4336 enim
471 4288 583 4340 barbara
601 4307 659 4341 esse
679 4292 776 4342 desinit
795 4292 851 4343 hae
865 4295 944 4345 natio.
982 4293 1044 4361 Vgl.
1063 4296 1131 4347 uueh
1149 4296 1245 4344 norton

93 4366 174 4418 brieio
196 4387 227 4420 nn
250 4376 363 4438 Crocus,
387 4378 410 4439 9,
439 4380 470 4424 22
498 4381 565 4445 ilug.
596 4381 674 4444 1516,
700 4379 821 4448 Bbeking
848 4398 870 4431 a.
891 4397 916 4434 a.
936 4398 960 4433 o.
984 4381 1010 4447 Ι,
1029 4399 1050 4435 s.
1074 4385 1122 4434 123
1143 4377 1250 4452 1111126.Ἰ
