2716 4898
614 281 676 348 107

57 469 151 538 aiche
182 493 236 537 um
270 472 364 538 einen
394 471 517 552 lehrer,
545 471 608 538 den
641 492 677 537 er
707 450 791 539 nach
820 468 873 537 R’s
896 470 1152 554 bestimmuugsn
1175 467 1230 537 bc·

58 576 176 644 1511155
191 576 295 644 wollo.
333 579 382 651 Ex
398 578 532 645 aedibus
548 577 667 643 nostris
683 577 806 656 Mosen,
828 576 912 662 prid.
936 575 1008 642 Kal.
1023 575 1116 643 Febr.
1135 580 1228 643 1509.

151 685 317 749 Gedruckt:
337 692 351 747 1
371 709 413 741 =
430 686 461 748 C.
479 704 505 748 v.
524 703 548 747 5.
566 705 584 766 g
601 681 670 762 3ab3
698 691 776 749 2:
791 687 819 748 1.
843 705 869 748 v.
887 703 912 748 5.
928 681 988 758 151),
1013 687 1092 748 3:
1109 684 1140 746 C.
1158 703 1184 745 r.
1201 700 1227 745 c.

59 793 89 854 ΙΙ
104 793 157 856 fol.
175 788 263 856 50³¹).

71 1090 75 1094 ,
134 1040 276 1093 Hirschau.
606 953 685 1019 CIV·
966 1041 997 1088 91
1022 1035 1094 1087 Mltra
1116 1037 1192 1087 1509.

57 1145 240 1222 Nicolaus
258 1145 440 1220 Basellius
457 1145 730 1244 Hirsaugiensis
756 1143 962 1218 monachus
980 1169 1029 1216 an
1047 1139 1228 1215 Beuchlin

59 1291 209 1359 wiinscht
232 1294 268 1360 R.
300 1292 408 1377 gliick,
441 1293 518 1359 dass
542 1314 578 1359 er
610 1289 678 1357 sich
705 1313 766 1357 von
790 1290 852 1357 den
876 1290 1063 1376 gesch‘aften
1091 1287 1229 1356 auidas

59 1399 138 1465 land
161 1398 421 1483 auriickgezcgen
444 1398 530 1464 habe
556 1400 577 1479 ¹,
600 1397 667 1463 und
692 1396 868 1479 vergleicht
896 1396 951 1462 ihn
974 1397 1032 1463 mit
1057 1395 1118 1461 den
1141 1398 1229 1461 miu-

58 1527 142 1571 nern
165 1505 223 1570 des
239 1504 448 1584 alterthums,
472 1504 525 1569 die
549 1503 632 1569 auch
656 1503 739 1568 nach
763 1504 851 1568 einer
874 1502 1136 1587 ausgebreiteten
1159 1500 1229 1565 thi-

58 1609 177 1696 tigkeit
211 1610 270 1676 das
300 1608 378 1676 land
412 1609 534 1675 bebaut
573 1609 696 1675 hatten.
742 1609 844 1675 Gruss
881 1629 922 1675 an
956 1605 1008 1674 R's
1047 1607 1128 1673 frsu.
1180 1605 1230 1671 Ex

60 1716 244 1801 Hirsangia,
268 1715 351 1800 prid.
377 1714 444 1780 Cal.
469 1716 545 1800 Apr.
569 1735 597 1781 a.
627 1718 719 1780 1509.
803 1718 807 1723 ’

152 1826 313 1886 Gedruckt:
342 1818 641 1900 1=c.v.e.gab;
668 1818 1038 1898 2=J.v.e.h2bfg.;
1064 1821 1227 1887 3:10&

60 1949 87 1994 e.
103 1931 135 1994 ll
148 1932 199 1993 fol.
219 1925 279 1991 4611
294 1927 332 2006 fg.

133 2178 305 2230 Ottobeurcn.
613 2087 678 2155 CV·
749 2163 755 2173 ’
968 2180 1002 2227 24
1021 2175 1094 2244 April
1118 2176 1194 2227 1509.

58 2285 192 2365 Frater,
210 2264 389 2359 Nicolaus
411 2281 600 2381 Ellenbcg
623 2281 636 2320 ²
661 2281 688 2356 J
689 2282 802 2356 oanni
825 2281 1007 2357 Reuchlin
1029 2280 1231 2357 Phorcensi

602 2405 638 2480 S.
660 2405 695 2479 d.

151 2536 322 2636 Εὺδιαγειν.
369 2545 428 2611 Vir
461 2545 665 2611 literatorum
695 2550 792 2610 aetate
823 2550 936 2611 nostra
962 2543 1103 2609 omnium
1134 2543 1230 2609 facile

59 2651 227 2736 princeps,
258 2672 322 2716 non
345 2651 440 2716 velim
463 2651 657 2734 arrogantiae
681 2649 866 2729 adscribas,
901 2648 988 2734 quod
1012 2649 1147 2733 elinguis
1171 2670 1230 2732 ego

59 2764 92 2824 55
114 2757 201 2822 aridi
223 2756 401 2841 incultique
425 2759 583 2822 sermonis
606 2762 725 2836 testor,
754 2755 796 2820 ad
821 2760 867 2833 te,
899 2756 1001 2820 virum
1025 2753 1230 2820 omnifariam

59 2862 284 2929 doctissimum
317 2862 680 2946 eloquentissimnmqne
712 2860 825 2926 literas
849 2860 928 2926 dare
959 2860 1230 2945 praesumpserim,

58 2969 137 3054 quin
161 2968 270 3051 potius
293 2967 326 3032 id
349 2974 415 3033 tuae
437 2968 606 3033 adscribas
627 2967 823 3032 humanitati
847 2987 926 3050 quae.
941 2967 973 3031 iu
998 2987 1108 3031 omnes
1131 2963 1231 3030 bona-

59 3095 132 3140 rum
156 3073 326 3139 literarum
350 3059 513 3139 studiosos
537 3074 626 3139 dives
649 3073 776 3150 existit,
801 3072 888 3156 quod
915 3095 992 3137 sanc
1014 3071 1086 3137 lnce
1111 3070 1230 3135 clarius

58 3185 109 3245 est
132 3177 267 3244 cuilibet
295 3187 474 3262 operatua
503 3178 621 3244 incude
645 3177 820 3244 faberrime
844 3198 980 3243 excussa
1003 3176 1122 3260 legenti
1146 3197 1230 3261 quac

57 3306 136 3353 sane
160 3290 319 3350 nocturna
341 3303 434 3349 verso
449 3305 548 3349 manu
563 3289 662 3368 atque
680 3284 818 3367 (utinam
840 3305 899 3368 pro
916 3281 1089 3367 dignitate)
1104 3281 1230 3347 diurna.

57 3390 286 3456 Institution'es
316 3394 380 3454 tuae
411 3388 573 3455 hebraicae
599 3390 632 3454 in
664 3389 813 3454 manibus
849 3389 929 3453 meis
959 3387 1230 3472 frequentissimae

58 3501 144 3576 sunt,
168 3495 201 3559 in
218 3493 335 3578 quibus
359 3515 493 3578 operam
509 3516 636 3560 omnem
652 3495 818 3579 polliceris
841 3494 907 3558 illis
923 3514 1004 3578 quos
1027 3495 1059 3557 in
1076 3492 1229 3556 hebraico

57 3601 212 3667 discendo
236 3600 353 3666 sudare
377 3600 535 3667 olfeceris.
583 3601 653 3679 Quo
676 3599 721 3680 fit,
746 3607 783 3665 ut
807 3599 952 3665 bonitate
976 3605 1034 3664 tua
1056 3598 1230 3677 animatus,

57 3704 259 3773 confidenter
282 3726 408 3790 eaquae
431 3706 514 3772 scire
538 3707 643 3786 velim,
666 3728 687 3772 a
710 3713 752 3786 tc,
777 3704 1012 3771 humanissime
1035 3704 1093 3783 vir,
1117 3709 1229 3787 petere

56 3833 120 3878 non
144 3811 309 3879 erubeam.
356 3811 460 3878 Velim
490 3813 617 3896 itaque,
648 3817 804 3896 quantum
835 3833 895 3895 per
922 3810 1070 3894 publicas
1094 3831 1231 3893 occupa-

56 3919 162 3984 tiones
184 3916 243 3984 tibi
273 3916 415 3996 licuerit,
447 3916 619 3983 certiorem
650 3938 700 3982 me
733 3916 868 3998 reddas,
900 3916 979 4001 quid
1002 3917 1045 3982 sit
1068 3916 1230 3999 Thargum

628 4052 643 4086 *

133 4142 142 4187 1
171 4136 235 4203 Vgl.
261 4139 327 4190 iiber
351 4139 423 4191 diese
449 4139 525 4190 555115
551 4139 637 4189 11151115
660 4129 722 4188 Mel.
749 4139 835 4190 oratio
856 4154 877 4188 5.
906 4140 939 4188 93
960 4138 996 4203 fg.
1071 4133 1166 4199 avgl.
1193 4150 1227 4184 m.

56 4227 117 4278 Nih.
144 4225 290 4292 Ellenbcg,
323 4227 364 4276 ein
390 4226 526 4278 hnmanist
546 4225 601 4276 und
626 4225 749 4290 theologe
778 4226 824 4276 des
853 4228 883 4276 16
904 4223 1100 4289 jahrhunderts.
1144 4223 1227 4273 Wicu

59 4313 198 4365 1870111111
219 4312 269 4368 deu
289 4315 417 4390 nachtrag
436 4315 516 4365 daau:
536 4320 585 4375 555.
605 4313 839 4389 vicrtsljahrsschr.
866 4315 884 4379 1.
903 4313 976 4381 hath.¹
997 4310 1075 4362 theol.
1089 4310 1122 4389 X,
1142 4312 1228 4377 5143,

55 4401 96 4452 bis
116 4403 176 4457 458.
