2790 4882
698 279 763 346 220

144 461 195 532 eis
217 463 461 548 adhaerentium,
485 467 586 534 totius
609 469 734 552 negocii
757 467 896 537 ocularis
920 468 1042 555 speculi
1062 470 1162 538 alium
1173 470 1319 557 judicem

146 571 283 654 dederit,
307 564 519 643 reverendum
542 573 666 641 scilicet
689 576 873 660 episcopum
890 576 1077 660 Spirensem
1096 579 1117 641 ¹.
1159 578 1203 643 Et
1223 577 1319 644 simul

144 680 306 745 sanctitas
330 699 397 760 sua,
429 701 545 745 manus
569 702 743 764 apponens,
774 682 968 766 perhibuit²
1000 683 1148 749 omnibus
1171 680 1319 767 personis

147 791 182 851 et
199 784 364 870 judicibus
387 785 459 851 aliis
483 786 748 871 quibuscunque,
780 789 877 853 etiam
901 788 962 853 suh
985 789 1129 853 censuris
1152 809 1194 854 ne
1218 809 1255 855 se
1279 788 1317 855 de

146 891 269 957 oculari
282 890 420 976 Speculo
443 892 708 974 intromitterent,
732 895 809 979 quin
832 895 930 959 immo
954 894 982 959 si
1006 893 1059 978 qui
1082 899 1240 977 putarent
1263 895 1320 960 ali·

144 1018 213 1083 quo
235 997 331 1064 modo
355 1019 414 1064 sua
437 998 611 1079 iuteresse,
635 999 698 1084 ipsi
718 1021 827 1065 coram
851 998 1030 1084 apostolico
1059 999 1171 1084 judico
1194 1021 1319 1084 praeno-

145 1102 268 1168 minato
292 1123 424 1169 causam
449 1125 540 1170 suam
563 1110 699 1188 agerent
715 1103 736 1170 ³.
769 1106 873 1184 Quam
897 1104 1155 1170 commissionem
1180 1105 1317 1171 Romani

143 1206 309 1274 Pontificis
342 1214 375 1275 et
405 1209 630 1275 inhibitionem
666 1210 819 1294 ejusdem,
852 1209 1039 1276 reverendis
1062 1210 1319 1295 paternitatibus

144 1313 262 1380 vestris
285 1313 337 1380 hic
362 1314 457 1382 mitto
481 1315 688 1399 descriptam.

234 1420 390 1505 Utrisque
413 1442 490 1486 vero
513 1421 606 1487 nohis
629 1421 780 1506 partibus
801 1420 941 1487 termino
962 1441 983 1486 a
994 1421 1107 1507 judice
1123 1420 1318 1506 assignato⁴

145 1524 188 1590 ad
212 1524 432 1606 libellandum,
468 1547 505 1592 eo
539 1525 625 1610 quod
656 1547 761 1592 essem
783 1531 861 1592 tunc
885 1547 963 1593 reus
987 1527 1181 1611 originarius
1205 1549 1319 1612 expec-

143 1631 211 1697 tavi
231 1638 270 1697 ut
292 1630 448 1712 decebat,
471 1631 573 1698 donec
596 1637 672 1698 ante
695 1632 839 1697 uiderem
862 1633 1063 1698 accusatoris
1086 1633 1151 1698 mei
1171 1632 1318 1700 libellum

143 1737 404 1817 accusatorium,
437 1737 465 1803 si
488 1759 584 1823 quem
606 1737 802 1822 produceret
826 1759 935 1803 coram
954 1739 1087 1822 judice,
1121 1759 1181 1805 sen
1208 1739 1318 1822 potius

143 1843 386 1927 reproduceret.
432 1843 514 1908 Nam
537 1844 710 1928 inquisitor
725 1844 815 1927 prius
833 1850 946 1908 contra
963 1844 1092 1909 oculare
1110 1844 1281 1928 speculum
1297 1843 1317 1925 ⁵,

144 1948 178 2014 in
204 1949 328 2033 judicio
360 1949 549 2034 Magantino
576 1950 588 1990 ⁶
621 1950 734 2034 primae
768 1949 932 2014 instantiae
966 1947 1117 2014 libellum
1155 1949 1317 2035 quendam

143 2054 410 2121 accusatorium⁷
444 2076 496 2120 me
530 2054 573 2120 ad
605 2054 665 2120 hoc
699 2054 841 2139 legitime
877 2075 941 2120 nou
965 2055 1065 2120 citato
1088 2061 1317 2140 proposuerat

143 2159 288 2246 Cumque
311 2159 483 2227 adversum
505 2182 558 2227 me
580 2181 658 2244 pars
681 2160 818 2226 adversa
842 2159 990 2226 libellare
1014 2159 1193 2244 negligeret
1217 2167 1318 2247 atque

142 2266 239 2351 plane
262 2265 379 2347 nollet,
410 2288 468 2350 ago
500 2268 570 2350 ipse
593 2267 714 2332 virtute
738 2267 902 2333 citationis
925 2271 1042 2333 contra
1065 2266 1179 2333 ambas
1203 2273 1315 2352 partes

144 2373 235 2457 prius
259 2378 418 2438 emanatae
448 2373 531 2456 eoepi
554 2372 701 2438 libellum
725 2394 832 2438 meum
855 2394 915 2457 per
937 2377 1182 2456 procuratorem
1206 2393 1315 2439 coram

138 2477 249 2564 judice
271 2477 421 2563 prodere.
468 2478 563 2544 Mitto
587 2484 699 2545 antem
729 2477 984 2564 paternitatibus
1008 2477 1125 2544 vestris
1148 2479 1314 2560 articulos,

143 2605 240 2669 super
263 2583 381 2668 quibus
404 2583 490 2648 idem
513 2583 643 2649 libellus
666 2603 757 2651 meus
781 2606 840 2669 per
864 2589 1111 2668 procuratorem
1136 2583 1315 2650 secundum

144 2690 264 2776 stylum
287 2690 393 2757 Curiae
428 2691 626 2774 compositus
661 2696 694 2756 et
724 2697 859 2756 ornatus
884 2695 974 2755 extat
992 2689 1013 2754 ⁸.
1059 2688 1144 2754 Nam
1167 2689 1314 2757 libellum

142 2796 247 2880 ipsum
281 2794 460 2863 formaliter
493 2797 634 2880 positum
668 2798 701 2862 iu
734 2797 817 2862 actis
852 2797 1009 2861 insertum
1040 2795 1145 2861 adhuc
1168 2796 1261 2880 apud
1282 2818 1315 2863 se

141 2901 287 2969 notarius
322 2921 428 2966 causae
451 2901 560 2983 hahet,
591 2924 688 2987 quem
713 2903 853 2969 libenter
882 2903 952 2987 jam
979 2901 1138 2968 misissem
1162 2903 1278 2988 utique
1294 2903 1314 2984 ⁹,

143 3007 171 3072 si
194 3028 253 3091 per
277 3006 339 3073 hoc
357 3006 384 3046 ¹⁰
408 3013 535 3092 tempus
558 3010 744 3093 potuissem.

235 3111 379 3179 Servatis
402 3113 513 3200 itaque
537 3114 687 3180 omnihus
710 3114 856 3187 terminis
878 3113 913 3178 in
936 3120 1010 3180 rota
1033 3115 1185 3180 Romanae
1209 3114 1314 3181 Curiae

144 3219 267 3286 servari
301 3218 417 3300 solitis,
450 3218 785 3304 praedicatoribusque
817 3241 877 3304 pro
911 3220 1027 3305 majori
1061 3225 1156 3304 parte
1187 3240 1315 3306 semper

141 3324 369 3391 assistentibus
384 3326 517 3391 tandem
534 3331 685 3390 emanata
702 3325 856 3391 citatione
873 3325 916 3390 ad
931 3325 1130 3390 audiendum
1142 3327 1170 3365 ¹¹
1186 3332 1316 3392 senten·

143 3431 223 3497 tiam
255 3452 314 3515 ego
337 3431 378 3497 ds
402 3432 509 3516 gratia
532 3430 584 3496 dei
609 3436 642 3496 et
667 3431 802 3516 justicia
835 3430 1056 3515 triumphante
1087 3431 1214 3496 obtinui
1238 3432 1315 3498 diffi·

142 3536 286 3618 nitivam‚
308 3543 346 3604 ut
367 3539 400 3602 in
425 3536 486 3602 hac
509 3537 680 3603 sententia
704 3536 818 3602 charta
841 3537 967 3616 videtis,
998 3559 1095 3622 quam
1119 3537 1218 3604 etiam
1241 3559 1315 3622 por·

143 3641 213 3726 rigo
232 3642 268 3708 ¹².
314 3642 438 3709 Deinde
463 3663 535 3709 oum
560 3643 674 3710 eadem
706 3643 868 3710 sententia
891 3643 1096 3710 transivisset
1118 3644 1151 3707 in
1175 3665 1245 3709 rem
1264 3643 1314 3730 ju·

705 3787 724 3822 11

216 3869 303 3923 lDas
328 3869 443 3938 gescbah
469 3870 551 3922 durch
577 3872 738 3939 papstliches
762 3872 840 3922 breve
864 3888 926 3922 vom
945 3876 975 3922 21
998 3873 1064 3922 Nou.
1086 3874 1162 3922 1513.
1237 3874 1251 3920 2
1272 3871 1313 3922 ln-

141 3957 228 4011 hibuit
252 3963 277 4009 2.
308 3963 332 4010 3.
406 3959 626 4011 3Vermuthlich
655 3960 696 4011 die
727 3959 848 4011 urkunde
878 3959 923 4011 des
956 3960 1072 4026 Spcierer
1102 3958 1232 4009 bischofs.
1252 3975 1313 4009 vom

142 4047 338 4098 tonsurare.
382 4047 530 4100 42611111.
554 4048 966 4115 15143vg1‚.Reuohlina.aea.
1004 4049 1127 4098 hMeum
1140 4047 1313 4114 hinnugefdgt

141 4137 165 4184 2.
186 4137 210 4184 3.
283 4135 475 4202 hMcguntino
497 4141 521 4187 2.
541 4139 565 4188 3.
640 4140 653 4184 'l
674 4135 844 4204 Ahgedrucht
863 4137 891 4187 in
911 4136 960 4186 don
986 4142 1045 4186 acta
1068 4135 1231 4199 judiciorum
1254 4135 1311 4186 Aa

140 4221 181 4272 bis
200 4222 229 4271 Β.
303 4222 548 4289 evgilteuohlin,
568 4240 590 4275 s.
605 4226 655 4274 300
674 4226 711 4291 13.
785 4224 915 4290 aurique
934 4224 1032 4290 ausgel.
1052 4229 1075 4274 2.
1100 4227 1124 4274 3.
1203 4226 1234 4274 10
1255 4223 1312 4274 Hoc

140 4309 308 4372 suegelassen
328 4314 351 4360 2.
372 4314 396 4361 3.
472 4316 501 4364 11
522 4311 686 4364 Audiendum
709 4317 732 4363 2.
754 4317 778 4364 3.
853 4317 883 4362 12
904 4312 965 4381 Vgl.
985 4311 1052 4364 ohan
1076 4314 1108 4361 29
1129 4312 1201 4364 Mara
1230 4310 1309 4378 1514,

141 4410 198 4446 nro.
218 4395 358 4451 CLXXXI.
845 4393 846 4397 ¹
