2716 4898
648 313 714 381 256
797 304 800 311 ’

189 502 296 582 Quare
328 503 390 570 tibi
424 503 637 588 persuadeas,
672 509 706 568 et
752 501 1046 588 archipresulem¹
1074 521 1187 568 meum
1208 501 1256 572 ‚tui

99 615 262 675 amantem
286 631 357 676 esse
373 616 406 675 et
429 611 571 693 graviter
585 608 813 674 lacerationem
836 614 901 674 tuae
923 607 1018 673 fame
1042 607 1140 674 ferre.
1170 607 1255 674 Croto

99 715 148 780 tui
179 714 310 781 honoris
347 715 460 781 sedulo
503 714 736 798 propugnatori
773 713 947 780 libellum¹
986 719 1054 779 tnae
1091 712 1254 797 dignationi

98 819 292 885 mittendum
317 819 454 899 tradidi,
482 825 520 884 nt
547 825 579 884 te
610 840 647 884 co
679 819 794 885 melius
822 818 988 885 defendas.
1042 818 1137 897 Quod
1168 817 1193 883 si
1218 816 1251 882 ab

99 925 150 991 his
165 925 335 991 calumniis
357 924 424 990 ullo
447 924 543 991 modo
567 931 600 990 te
616 925 778 990 vindicare
794 925 929 1009 quirem,
952 923 1069 989 credas
1093 943 1184 990 omns
1204 928 1249 988 tuo

98 1031 226 1098 nomine
249 1028 392 1096 subirem
415 1050 506 1096 onus.
553 1031 624 1095 Non
648 1051 698 1096 me
722 1029 863 1096 Hercule
886 1028 1021 1114 aliquod
1044 1030 1150 1114 majus
1171 1027 1249 1106 bene

98 1133 206 1202 ficium
229 1155 280 1201 me
303 1136 335 1199 in
357 1142 390 1201 te
413 1135 562 1202 conferre
584 1135 757 1220 putabam,
792 1155 890 1220 qnam
918 1140 956 1200 ut
986 1139 1083 1200 tuum
1112 1134 1245 1201 honorem

99 1260 159 1324 pro
182 1246 295 1306 nostro
310 1260 421 1307 amore
445 1262 509 1325 qua
525 1262 652 1326 possem
669 1239 827 1307 fidelitate
848 1239 1059 1306 defensorem.
1107 1239 1244 1306 Gaeternn

101 1366 165 1429 qno
197 1346 325 1429 planius
357 1345 418 1412 tibi
451 1347 663 1426 innotescam,
701 1367 790 1412 meas
821 1346 961 1430 ineptias
992 1366 1076 1431 quas
1112 1345 1243 1410 adversus

98 1451 341 1534 pestilitatem⁸
371 1452 458 1518 edidi
488 1452 584 1518 simul
607 1452 650 1517 ad
678 1458 712 1518 te
734 1453 843 1531 mitto,
871 1473 934 1517 non
958 1451 1047 1536 quod
1070 1451 1182 1517 ducum
1202 1469 1242 1515 ess

99 1561 157 1622 tus
171 1556 309 1624 lectione
326 1558 447 1641 dignas,
471 1558 529 1624 sed
544 1566 582 1623 nt
601 1564 693 1623 tuam
707 1557 817 1623 limam
833 1557 973 1623 subeant
988 1562 1024 1623 et
1038 1577 1144 1622 meum
1159 1555 1242 1637 singn-

98 1660 201 1728 larem
225 1683 302 1747 erga
325 1669 359 1729 te
382 1684 526 1729 amorem
548 1669 720 1729 testentur.
767 1663 832 1729 Oro
861 1663 960 1746 igitur
985 1668 1135 1729 nostram
1155 1658 1240 1726 amici·

100 1767 184 1833 ciam
205 1789 268 1833 non
294 1768 450 1853 explodas
474 1774 508 1834 et
531 1789 590 1835 nos
606 1770 672 1835 tuis
687 1769 800 1835 amicis
816 1789 1038 1835 connumeres.
1071 1768 1149 1834 Vale
1163 1763 1238 1832 foelici

98 1873 245 1956 auspicio
268 1873 439 1939 literarum
464 1873 565 1939 decus
593 1881 628 1939 et
658 1896 709 1940 me
739 1881 772 1940 te
795 1879 960 1941 amantem
991 1873 1134 1941 redama.
1174 1868 1239 1938 Prid.

99 1977 173 2043 Kal.
197 1977 360 2062 Septemb.
929 1977 932 1981 ’

188 2085 350 2146 Gedruckt:
368 2107 410 2140 :=
426 2087 454 2148 J.
471 2103 498 2148 v.
516 2105 541 2149 e.
558 2107 583 2148 z.
603 2092 648 2148 4⁸.
673 2087 741 2148 Asa.

599 2313 770 2380 CCXXIII.

171 2401 265 2454 Gothi.
986 2406 1018 2454 rs
1038 2404 1108 2470 Sept.
1127 2403 1213 2470 (1516.)

329 2489 519 2565 Mutianus
547 2491 745 2591 Presbyter
773 2517 823 2564 an
849 2490 1035 2599 ReuohIin

97 2636 187 2719 hofft,
210 2638 286 2705 dass
310 2637 466 2704 Reuohlin
491 2636 594 2703 durch
617 2638 669 2704 die
692 2638 852 2705 rimisohe
879 2638 1116 2722 entecheidung
1138 2637 1184 2704 die
1202 2654 1238 2718 ge

97 2744 261 2809 wiinsohte
278 2743 357 2810 ruhe
381 2742 530 2809 erhalten
553 2742 647 2810 habe.
687 2743 781 2810 Seine
804 2765 923 2829 gegner
946 2743 1079 2810 wiirden
1103 2764 1160 2810 von
1175 2740 1239 2808 allen

97 2846 264 2928 verflucht,
289 2869 324 2914 er
347 2847 431 2913 boch
453 2848 575 2932 geehrt.
620 2907 628 2916 .

186 2953 236 3017 nd
275 2975 325 3019 me
359 2952 503 3037 qnotidie
546 2952 713 3019 confluunt
752 2953 827 3019 boni
868 2953 1111 3034 adolescentes,
1146 2948 1240 3038 quibus

98 3054 242 3140 Capnion
266 3063 316 3122 est
339 3058 372 3123 in
395 3079 451 3124 ore
475 3064 509 3124 et
531 3060 563 3123 in
587 3065 730 3142 pectore,
753 3059 887 3125 hiosese
904 3077 1047 3143 graecum
1071 3059 1184 3143 probat
1200 3051 1240 3118 ille

673 3187 690 3226 ’l‘

98 3274 152 3325 Der
168 3275 351 3328 strornerische
366 3276 468 3328 bericht
487 3279 521 3328 ist
539 3275 606 3328 ohne
625 3277 725 3328 uweiiel
744 3276 1014 3344 wahrhsitsgstreuer,
1033 3279 1132 3330 liutten
1145 3278 1186 3328 bet
1200 3269 1241 3324 sich

96 3363 227 3415 entweder
253 3363 298 3415 des
326 3381 459 3431 vorgsnge
485 3366 559 3416 nicht
583 3366 656 3417 mehr
680 3381 766 3432 genau
793 3366 920 3429 erinnert,
948 3365 1012 3417 oder
1037 3367 1083 3417 ihn
1107 3357 1241 3419 absichtlich

95 3451 224 3505 serdreht.

170 3547 179 3592 l
203 3540 438 3608 Archipcaesnluns.
470 3546 491 3591 l.
582 3540 794 3593 arfefferkorne
820 3540 946 3593 defensio.
1031 3546 1046 3594 3
1070 3539 1192 3611 Ineptias]
1212 3535 1242 3586 dit

95 3627 189 3680 schrift
201 3628 320 3680 esschien
333 3636 409 3680 unter
422 3629 480 3679 dem
495 3628 563 3679 titel:
586 3629 728 3680 llllNRlCI
741 3629 925 3682 STROMERS
945 3630 1150 3696 AVRBACllll,
1165 3630 1170 3696 Ι
1183 3623 1243 3680 medi·

96 3716 155 3766 cine
186 3715 316 3781 doctoris,
349 3715 522 3769 saluberrime
549 3717 675 3767 aduersus
716 3715 902 3786 pestillentiam
934 3717 1148 3783 obseruationes,
1173 3724 1243 3770 recent

96 3804 184 3857 edita:
215 3807 331 3872 {Aeque
362 3804 521 3871 pauperibus
549 3812 660 3871 prosunt
688 3804 866 3871 locupletibus
897 3821 977 3871 seque.
994 3807 999 3872 Ι
1016 3809 1109 3873 Aeque
1139 3805 1243 3873 neglecte.

94 3894 182 3960 pueris
207 3892 365 3958 senibusque
389 3893 531 3944 nocebunt.
550 3893 554 3958 Ι
571 3891 641 3942 'ritel
665 3893 690 3941 in
717 3892 778 3943 sehr
801 3895 913 3944 schbner
932 3893 1191 3962 laisteneiniassnng,
1209 3887 1243 3940 mil

95 3980 196 4031 allarici
216 3982 357 4047 groteslren
376 3981 476 4046 liguren
498 3981 620 4043 veraiort,
648 3988 728 4031 nnten
749 3983 764 4030 3
785 3981 871 4032 bilder
896 3983 942 4032 mit
962 3981 1012 4032 den
1031 3985 1209 4036 antechristcn:
1224 3975 1242 4024 S·

94 4068 293 4120 nausimus.
332 4070 357 4120 s.
383 4068 639 4132 Mnsu1nvs.tS.
658 4068 896 4136 suessanum
924 4074 941 4119 4
959 4069 1048 4137 hogen
1073 4072 1100 4122 tn
1120 4072 1160 4135 4⁰,
1179 4073 1207 4129 s,
1222 4063 1242 4122 B.

95 4157 115 4207 O
135 4156 151 4206 h
170 4160 193 4221 6,
212 4158 236 4206 D
256 4155 273 4205 h
292 4157 307 4206 5
327 4156 374 4207 bll.
412 4155 461 4205 Am
481 4156 557 4205 ende:
577 4156 734 4222 impressore
754 4156 894 4207 Valentino
908 4157 1043 4210 Schuman
1064 4162 1138 4226 Ayns
1156 4175 1171 4208 s
1188 4149 1243 4207 chn-

94 4244 180 4294 stinnn
199 4244 284 4294 salute
304 4242 421 4293 MDXVI
441 4242 528 4292 Pridie
547 4242 608 4293 Kal.
626 4242 711 4294 lunii.
749 4244 880 4295 Darunter
899 4246 940 4295 ein
960 4244 1243 4300 bnchdruckerseiohen.

94 4331 160 4383 ldins
172 4331 299 4388 deutsche
312 4332 489 4399 ubersetzung
505 4330 625 4382 ersohian
638 4331 664 4380 in
679 4330 829 4383 demselben
843 4333 927 4399 jahre.
952 4333 1067 4404 Leipzig
1084 4336 1127 4388 bei
1140 4331 1245 4386 lielclrior

95 4416 210 4473 Lottlner.
