2716 4898
711 321 778 386 284

138 487 192 577 fln-
208 507 370 576 discendis
388 509 606 596 juvandisque
622 511 727 578 literis
742 519 866 593 aotam,
890 512 972 580 bene
995 513 1105 583 habet.
1135 513 1199 580 ‘Nil
1220 513 1321 600 potnit

142 619 229 682 tunc
263 616 346 682 livor
375 616 528 682 inertium
561 624 595 683 et
626 639 685 701 ego
715 624 816 685 testes
843 618 948 685 habeo
979 627 1068 687 reete
1099 621 1236 688 imbuta
1257 623 1319 708 ejus

140 723 256 788 atatis
279 724 402 807 passim
418 722 506 806 apud
523 722 702 789 Germanos
726 745 764 790 ao
780 724 890 791 Gallos
914 746 977 791 non
1000 747 1123 811 paucos
1148 728 1319 794 autoritate

150 849 277 896 summa
299 831 403 908 viros,
427 830 481 913 qni
505 836 575 895 tum
591 830 705 895 iisdem
731 851 797 895 una
819 852 945 897 mecum
971 833 1145 917 stipendiis
1169 852 1318 900 meruere.

144 934 220 1030 'Iam
243 935 352 1001 civiles
375 955 500 1001 causare
523 935 715 1016 obruebant,
738 938 772 1002 in
795 936 865 1003 foro
888 937 1062 1018 versabar,
1085 939 1318 1023 potentissimo

139 1061 224 1108 rum
248 1040 429 1107 Germania
452 1042 635 1126 principum
659 1042 801 1108 consiliis
823 1043 1007 1109 intereram.
1038 1045 1120 1111 Post
1144 1045 1316 1114 deindead

150 1167 308 1213 summam
325 1148 550 1214 triumviratus
567 1148 689 1214 Saevire
712 1148 902 1233 dignitatem
917 1149 1040 1217 electus
1056 1172 1156 1237 quem
1179 1152 1315 1220 undecim

145 1256 274 1319 annos¹
306 1255 475 1320 continuos
498 1255 592 1338 gessi,
630 1276 715 1339 saepe
742 1255 943 1322 imminentia
969 1257 1086 1340 patriae
1117 1256 1207 1324 bella
1238 1260 1312 1344 justo

150 1357 307 1426 tribunali
322 1358 536 1439 demoveram,
552 1366 674 1426 netum
689 1360 818 1445 quidem
834 1363 1013 1447 peregrinis
1031 1364 1151 1431 studiis
1163 1365 1311 1450 neglectis.

139 1488 143 1497 ¹
238 1465 310 1530 linc
343 1465 441 1531 veluti
470 1467 638 1531 occasione
662 1488 740 1533 usus
771 1467 934 1533 interdum
958 1468 999 1534 ad
1023 1468 1159 1536 hebraea
1181 1471 1307 1538 animun

139 1571 283 1654 contuli,
306 1571 445 1637 deerant
468 1573 553 1636 enim
576 1571 691 1637 adhuc.
737 1573 820 1637 Turn
844 1575 932 1657 gravi
962 1595 1034 1640 meo
1057 1574 1227 1660 impendio
1250 1578 1309 1643 doc

140 1679 307 1773 'tissimum
330 1699 479 1764 quenque
502 1678 729 1744 hebraicorum
753 1685 924 1745 auctorare
949 1687 1188 1764 preceptorem
1204 1685 1304 1750 solitus

141 1780 220 1875 'cnm
247 1785 325 1869 ipsis
358 1802 488 1870 quoque
514 1785 635 1868 Apellis
659 1805 868 1868 congressus,
899 1793 1059 1870 quatenus
1083 1785 1210 1854 homini
1232 1789 1306 1855 Obri-

144 1889 253 1956 stiano
275 1890 358 1975 phas
374 1896 470 1969 esset,
494 1891 542 1955 ita
557 1890 636 1955 nihil
652 1912 672 1955 a
687 1911 738 1957 me
761 1911 825 1954 non
849 1889 961 1956 datum
977 1897 1028 1957 est
1042 1891 1170 1976 pietati.
1197 1895 1306 1960 Adrisit

148 1993 259 2061 hercle
289 1995 395 2061 animo
430 1995 585 2062 hebraica
618 1998 751 2080 peritia,
785 1997 889 2080 primo
926 1997 1002 2083 quia
1036 2004 1155 2082 suopte
1191 1999 1304 2084 ingenio

141 2100 296 2187 jucunda,
326 2100 442 2166 deinde
478 2102 556 2186 quia
589 2123 704 2186 magno
735 2102 906 2168 videbatur
944 2102 1018 2168 usui
1047 2103 1177 2185 futura,
1209 2127 1306 2172 seems

140 2204 224 2273 'olim
246 2212 415 2272 versaturo
439 2206 560 2273 literas.
607 2208 654 2273 Eo
673 2209 742 2293 jam
765 2214 836 2273 tum
867 2213 902 2274 et
930 2209 1033 2273 omnis
1057 2215 1218 2278 anteacta
1242 2212 1303 2277 vita

143 2312 256 2379 studia
283 2317 318 2378 et
348 2312 451 2377 omnis
474 2313 573 2377 animi
596 2320 748 2392 conatus,
780 2314 808 2379 si
839 2314 981 2398 quinon
1011 2313 1171 2383 inioelioes
1199 2318 1302 2397 forent,

144 2417 337 2486 referebam.
393 2416 524 2485 Christo
560 2419 709 2485 addictus
741 2420 849 2486 omnia
883 2418 1093 2485 devolvebam
1132 2420 1304 2490 christiana

145 2524 291 2592 ecelesia
313 2523 364 2590 rel
387 2523 542 2608 augendis
566 2524 616 2589 vel
639 2524 849 2590 honestandis
872 2524 978 2590 rebus.
1020 2525 1119 2591 Nulla
1141 2548 1194 2594 me
1217 2528 1306 2594 fumes

147 2631 220 2698 auri
232 2630 280 2713 (id
293 2631 400 2715 ipsum
416 2629 500 2695 enim
523 2629 705 2696 liberaliter
720 2629 931 2714 prodigebam
947 2630 981 2694 in
996 2629 1113 2697 horum
1137 2634 1307 2700 studiorum

140 2734 308 2822 sumptus)
331 2735 441 2819 adegit
463 2734 507 2799 ad
530 2735 684 2802 hebraica
706 2737 862 2820 mysteria
885 2735 1047 2801 discenda.
1095 2736 1196 2804 Nulla
1218 2738 1311 2805 inanis

144 2842 253 2928 gloriae
277 2842 357 2921 sitis,
382 2863 421 2907 ea
444 2842 529 2906 enim
553 2842 662 2906 studia
693 2848 761 2906 tum
784 2840 921 2907 celanda
945 2841 1037 2925 vulgo
1061 2849 1166 2925 erant,
1185 2851 1223 2911 ut
1244 2865 1307 2932 qna

142 2949 296 3014 intanta
321 2946 478 3032 dignitate
502 2949 679 3013 constituto
703 2946 892 3012 viderentur
915 2946 1108 3013 indecentia.

139 3085 143 3090 ·
233 3053 306 3119 Non
330 3074 380 3119 me
405 3060 503 3131 tenet,
520 3052 672 3133 Adriane,
695 3074 760 3117 non
783 3058 873 3119 tenet
895 3053 928 3117 in
952 3052 1001 3118 his
1035 3053 1226 3122 excolendis
1246 3056 1310 3122 anri

144 3159 305 3226 scelerata
328 3159 457 3242 cupido.
487 3158 619 3242 Ingenio
641 3157 756 3224 trahor
780 3165 812 3224 et
834 3179 946 3225 amore
962 3160 1103 3243 pietatis.
1128 3161 1313 3247 Sanguinem

143 3267 224 3334 Jesu
248 3265 386 3345 Christi,
415 3265 471 3350 qui
502 3265 713 3330 medullatum
742 3285 813 3330 sese
845 3286 903 3348 pro
933 3265 1026 3331 nobis
1060 3265 1205 3334 hostiam
1234 3267 1310 3353 patri

146 3372 274 3454 obtulit,
290 3377 396 3439 testor
410 3386 462 3435 rne
478 3391 653 3455 numquam
677 3392 698 3434 a
721 3369 843 3436 Judaeis
858 3369 926 3436 ulla
941 3369 992 3436 vel
1014 3371 1088 3436 anri
1112 3371 1164 3438 vel
1193 3373 1309 3460 argenti

144 3479 239 3560 dona,
262 3478 405 3563 premia,
428 3497 563 3542 munera
585 3478 757 3560 recepisse,
785 3475 882 3541 nullis
906 3496 957 3541 me
981 3475 1098 3560 opibus
1121 3498 1312 3564 unquamne

141 3585 177 3651 in
198 3585 259 3651 hoe
283 3584 382 3649 etiam
411 3588 480 3648 tam
511 3583 665 3648 diuturno
695 3581 781 3647 bello
810 3581 897 3666 quod
924 3582 1097 3648 adversum
1127 3605 1181 3650 me
1211 3591 1315 3652 tutet

143 3695 212 3756 tam
235 3689 351 3755 divites
375 3688 604 3768 mendicantes,
629 3695 697 3753 tam
721 3687 869 3753 crudeles
892 3687 1003 3755 hostes
1019 3695 1137 3772 gerunt
1161 3690 1311 3775 adjutum.

142 3795 220 3874 Nee,
243 3800 282 3860 ut
304 3794 426 3878 opinor,
451 3794 602 3860 dubitant
625 3795 725 3878 siqui
747 3814 811 3859 non
826 3793 974 3877 improbo
994 3793 1120 3878 judicio
1139 3797 1215 3862 vitae
1237 3817 1307 3863 mea

142 3901 286 3968 rationes
309 3906 495 3985 cognorunt.
543 3901 584 3965 Et
607 3906 683 3966 sunt
708 3905 833 3978 tamen,
858 3904 895 3964 ut
918 3899 974 3965 ille
999 3920 1142 3985 graecus
1166 3904 1216 3969 ait
1237 3895 1312 3968 tent

141 4032 211 4073 τινα
234 4006 440 4095 βουλευτήρικ,
457 3997 575 4093 ψευδῶν
606 4005 735 4092 ἅνκκτερ
768 4005 992 4096 μηχανόῤῥαφοι
1014 4018 1118 4072 κακῶν
1143 4012 1250 4074 thiara
1268 4008 1311 4072 καὶ

136 4105 228 4178 ὀὐδὲν
266 4111 376 4202 ὑγιὲςῗ
400 4111 456 4196 qui
488 4116 602 4177 eontra
617 4111 699 4194 phas
731 4111 895 4176 hominum
926 4110 1087 4197 deumque
1125 4114 1311 4199 nequissime

729 4258 745 4294 ›1‹

218 4351 228 4396 l
251 4345 378 4397 Undeoim
397 4346 489 4413 annos]
508 4344 572 4397 iiber
591 4345 640 4397 den
662 4347 742 4398 wertb
763 4347 850 4398 dieser
868 4346 945 4397 stelle
964 4346 1017 4413 vgl.
1039 4348 1126 4399 meine
1147 4348 1307 4416 abhandlung

141 4434 209 4490 ltber
228 4434 434 4492 Meleaohthons
453 4436 536 4494 oratio
555 4450 577 4486 a.
597 4437 629 4487 29
650 4436 678 4493 li.
751 4441 765 4486 2
786 4435 878 4509 Eurip.
902 4435 983 4491 Andr.
1003 4452 1028 4489 v.
1048 4439 1100 4491 ert
1120 4437 1148 4496 a
