2716 4898
645 271 711 336 330

90 463 234 533 aliorum
265 461 603 528 studiosissimorum¹
636 461 820 527 auditorum
852 481 998 526 meorum
1022 463 1189 545 praeseutia
1206 485 1241 529 re

97 570 221 637 cedere.
271 569 352 633 Cum
376 570 458 633 enim
479 569 510 633 in
531 576 623 633 tanta
646 574 712 632 tam
732 565 892 631 hebraicae
909 587 1006 650 qnam
1022 589 1136 650 graecae
1150 567 1241 653 lingue

96 675 329 760 discipulorum
354 673 536 758 frequentia
559 671 842 738 6661116661611162
865 671 1045 739 indefessas
1070 673 1148 738 mihi
1170 696 1243 740 aures

94 782 284 867 praebueris
309 769 377 845 tum
395 800 479 845 unus
502 780 643 843 omnium
665 780 696 842 in
721 778 829 860 lingua
846 777 1001 842 hebraica
1017 779 1189 862 plurimum
1207 802 1243 846 66

95 885 250 968 destini
275 887 389 968 dignus
413 886 489 950 mihi
519 886 604 949 risus
627 883 728 949 fueris
757 883 809 947 cui
833 882 958 966 publici
981 884 1136 950 auditorii
1162 886 1245 970 pulpi-

95 999 165 1059 tum
193 991 416 1058 concesserim.
450 991 556 1068 Quare
587 1010 685 1073 perge
714 988 929 1054 incumbendo
953 990 1049 1056 bouis
1079 989 1205 1056 literis³
1222 998 1246 1057 at

96 1098 251 1164 doctrina
274 1118 296 1162 a
318 1118 369 1161 me
393 1095 567 1180 praelectam
592 1096 638 1160 sic
661 1096 746 1160 enim
770 1095 801 1158 iu
825 1095 927 1159 virum
952 1094 1205 1162 literatissimum
1224 1103 1246 1161 el

95 1202 275 1285 linguarum
307 1202 547 1266 ornatissimum
582 1203 803 1285 interpretem,
829 1202 897 1265 Deo
934 1201 1114 1285 aspirante,
1142 1202 1246 1269 ceteris

96 1308 263 1374 commodo
287 1316 320 1372 et
336 1307 469 1372 utilitati
486 1307 613 1372 futurus
637 1307 764 1372 evades.
790 1306 869 1372 Vale
895 1306 1043 1372 feliciter.
1069 1307 1246 1392 Anglopoli⁴

98 1419 116 1478 3
140 1414 213 1480 idus
237 1414 359 1498 Aprilis
382 1434 466 1477 auno
492 1413 619 1477 Domini
647 1417 740 1476 1521.

184 1522 345 1583 Gedruckt:
365 1526 433 1580 1:
445 1520 733 1580 DICTIONARIVM
774 1523 1005 1583 HEBRAICVM
1027 1523 1168 1583 Novvhi
1183 1523 1245 1582 NON

32 1692 35 1700 ,
96 1630 151 1690 Ex
175 1628 419 1699 RAFBINORVM
443 1626 675 1686 COMMENTIS
699 1627 776 1685 NEC
811 1628 865 1686 EX
899 1629 1156 1688 NOSTRATIVM
1178 1629 1247 1689 hoc·

97 1737 233 1797 TORVM
252 1732 258 1818 Ι
279 1737 367 1794 616116
381 1735 539 1792 imitatione
556 1734 731 1809 descriptum
748 1735 800 1792 sed
818 1751 853 1792 ex
869 1737 940 1809 ipsis
956 1735 1103 1795 thesauris
1119 1751 1245 1795 sacrorum

94 1842 246 1902 bibliorum
266 1834 271 1923 1
292 1839 789 1900 61666661666666661616661661
809 1842 962 1899 collatione
978 1840 1179 1917 depromptum
1199 1858 1246 1900 cun

96 1947 249 2022 phrasibus
268 1945 274 2020 1
294 1947 444 2018 scripturae
464 1948 570 2004 veteris
596 1953 625 2005 et
645 1947 709 2003 novi
731 1949 897 2005 testamenti
921 1937 1075 2021 diligenter
1099 1950 1245 2020 annotatis,

94 2058 197 2113 autore
218 2053 329 2110 Joanne
354 2051 491 2111 Forstero
513 2053 681 2124 Augustino
700 2097 832 2110 ......
869 2050 873 2130 l
894 2053 1077 2113 BASILEAE
1093 2053 1231 2114 libelii.

93 2157 142 2216 161.
164 2151 168 2239 Ι
190 2161 253 2216 62.
281 2160 297 2214 2
317 2179 358 2209 =
374 2158 458 2215 Joan.
479 2157 616 2217 Bismarci
640 2160 699 2216 vita
715 2166 743 2217 et
759 2175 806 2216 res
827 2164 916 2231 gestae
933 2162 1143 2233 praecipuorum
1158 2159 1247 2219 theolo-

94 2282 195 2340 gorum
213 2309 219 2322 .
238 2308 270 2322 ..
293 2264 377 2323 Halae
394 2262 536 2322 Saxonum
558 2267 649 2322 1614.
683 2261 770 2322 Olli.
805 2266 891 2326 3⁸:
907 2263 1008 2335 Adam,
1035 2266 1102 2323 vitae
1118 2266 1245 2338 theologo·

95 2388 168 2430 rum.
196 2369 372 2443 Heidelberg
392 2372 475 2427 1615
492 2387 514 2428 6.
542 2372 615 2429 363.
649 2366 687 2428 gh
705 2392 746 2423 =
763 2371 800 2429 id.
822 2369 1005 2429 Francofurti
1027 2375 1121 2430 1706.
1146 2389 1169 2430 s.
1191 2372 1246 2429 lli.

96 2481 175 2534 4:
192 2474 303 2549 Majns,
328 2477 386 2532 vita
412 2475 579 2554 Reuchlini,
605 2493 627 2532 s.
653 2477 725 2534 542.
759 2477 777 2532 5
796 2495 836 2530 =
855 2475 955 2549 Georg
976 2476 1115 2536 Theodor
1137 2474 1247 2535 Strobels

94 2580 265 2640 vermisehte
282 2580 412 2653 beitrage
427 2597 478 2637 zur
500 2581 661 2653 geschichte
678 2582 730 2638 der
744 2582 888 2640 liberatur.
916 2582 1073 2655 Nilrnberg
1088 2582 1143 2656 bey
1158 2580 1247 2640 Martio

96 2685 193 2744 Jakob
208 2686 304 2745 Bauer
324 2687 417 2756 1775,
435 2702 458 2744 6.
478 2671 559 2746 133.

630 2828 734 2894 0001.

168 2915 296 2981 Venedig.
1005 2922 1038 2968 13
1058 2922 1131 2986 Sept.
1154 2922 1223 2970 1531.

96 3004 230 3078 Daniel
271 3005 536 3104 Bombergns³
572 3005 714 3079 loanni
749 3005 934 3082 Reuchlin
967 3007 1103 3081 Phorc.
1143 3007 1250 3109 legum

541 3127 682 3203 doctori
711 3127 746 3204 S.
779 3129 839 3203 ds

186 3273 312 3340 Petiisti
335 3295 355 3339 a
379 3294 439 3355 me,
463 3282 500 3340 61
523 3297 585 3340 666
609 3275 770 3342 volumine
794 3276 1000 3342 Psalmistam
1024 3297 1098 3343 cum
1124 3275 1252 3342 Salona

95 3382 144 3448 uis
168 3381 348 3467 proverbiis
373 3387 407 3446 et
430 3381 625 3447 Ecclesiaste
656 3383 689 3447 in
713 3371 891 3448 Euchiridii
920 3382 1024 3447 forma
1054 3404 1130 3448 cum
1155 3401 1253 3448 accen-

95 3488 183 3555 tibus
206 3488 400 3573 impressum
435 3487 477 3552 ad
506 3495 539 3553 te
568 3488 741 3569 mitterem,
775 3489 860 3573 quod
890 3488 1015 3553 medius
1046 3488 1145 3554 fidius
1168 3487 1256 3571 liben-

97 3600 149 3659 ter
172 3592 349 3660 effecissem
373 3593 434 3658 nisi
465 3615 515 3658 rne
539 3593 706 3660 TalmndG
740 3616 821 3678 opus
854 3602 942 3660 certe
975 3595 1083 3677 magni
1113 3602 1150 3661 et
1180 3593 1256 3660 labo·

95 3771 187 3822 616166
217 3777 237 3820 i.
277 3772 443 3822 16166661
466 3773 587 3822 h‘orstero
607 3714 761 3838 Augrllitano
784 3772 960 3838 philosophiae
988 3773 1115 3840 magistro
1142 3774 1168 3823 S.
1189 3773 1215 3822 P.
1232 3770 1256 3818 1).

94 3861 172 3913 loen.
192 3860 321 3912 Reuchlin
342 3864 363 3917 3,
377 3861 418 3912 116
438 3864 463 3910 5.

172 3957 180 3999 1
205 3950 481 4000 [166116611666661361
498 3948 576 3999 1165.
636 3949 762 4000 21116116
782 3949 952 4016 ausgelassen
967 3951 1007 4000 31).
1063 3953 1078 4000 3
1102 3951 1256 4001 1116616166-

94 4037 216 4104 gelassen
227 4039 266 4100 31),
279 4044 341 4088 61611
352 4037 435 4087 literis
451 4037 545 4087 studiis
559 4041 589 4087 36
599 4037 640 4087 116
653 4041 677 4088 5,
716 4043 731 4086 4
746 4037 903 4104 Angelopoli
918 4040 962 4088 3³¹)
972 4037 1046 4100 1165,
1060 4040 1256 4103 futurusausge·

90 4125 182 4176 166666
196 4130 219 4188 2,
233 4127 276 4175 aab
283 4126 324 4175 116
332 4128 356 4176 5.
407 4128 422 4175 5
438 4126 531 4176 Daniel
546 4127 678 4192 Bomberg
692 4142 738 4176 aus
752 4128 920 4192 Antwerpen,
933 4126 979 4176 der
997 4127 1082 4177 Aldus
1100 4128 1136 4177 im
1156 4124 1257 4177 drueken

94 4212 264 4265 hebritischer
285 4213 380 4275 66616,
398 4214 491 4265 druckt
505 4216 531 4263 in
547 4215 664 4280 Venedig
686 4217 752 4265 1516
770 4214 902 4264 1161548.
928 4198 932 4206 ¹
976 4218 991 4266 6
1014 4217 1063 4265 Die
1082 4215 1200 4282 ausgabe
1220 4212 1257 4262 lar

94 4299 304 4366 babyloniechen
329 4301 443 4352 'Palmud
462 4303 581 4354 euschieu
600 4304 642 4354 bei
663 4304 794 4369 Bomberg
814 4305 839 4354 in
864 4307 892 4356 12
914 4303 1019 4357 handen
1041 4305 1171 4363 1520116
1193 4302 1256 4358 1111.

94 4386 250 4461 18111611
271 4407 295 4445 a·
316 4406 339 4451 1.
362 4391 402 4460 01,
422 4391 474 4447 vol..
493 4393 525 4465 11,
545 4409 565 4454 s,
585 4394 636 4454 896
656 4392 776 4454 111999.
