2716 4898
622 291 663 358 91

56 499 140 572 pore
163 484 263 565 atque
286 479 401 548 eodem
423 478 560 548 Basileus
583 481 629 548 cis
645 481 791 549 Rhenum
814 482 848 550 in
869 484 940 552 loco
963 483 1024 551 sub
1040 482 1224 550 Andronico

57 585 296 665 Contoblaca¹
326 588 457 654 natione
492 587 605 655 Graeco
635 588 778 674 linguam
811 611 949 675 graecam
981 591 1098 672 didici,
1127 610 1225 675 quam

58 692 182 778 elapsis
216 693 292 760 inde
321 700 462 779 quatuor
490 696 582 761 annis
606 695 618 735 1
646 696 733 761 inter
768 695 879 762 Gallos
913 697 1017 781 primo
1049 696 1137 780 apud
1165 695 1225 760 Ge-

57 799 182 864 nabum
205 820 287 885 quas
309 821 393 865 nunc
416 799 610 867 Aurelianos
639 807 757 868 vocant
788 802 959 884 seminavi,
987 802 1044 868 ubi
1078 808 1225 886 tempore

57 911 230 988 protracto
259 911 293 980 et
317 907 385 991 juri
416 906 501 972 civili
532 907 608 973 dedi
637 928 769 992 operam
793 914 827 974 et
849 909 896 974 fui
917 930 939 974 a
962 908 1148 975 doctoribus
1170 906 1226 973 ho-

57 1031 140 1078 nore
163 1011 460 1096 Papinianistarum
483 1013 656 1080 decoratus
679 1034 764 1080 anno
787 1015 880 1080 Dni⁸
905 1020 989 1081 1479
1005 1015 1028 1080 ⁴.

151 1117 256 1199 Vide,
287 1119 332 1183 mi
354 1118 476 1199 frater,
513 1126 636 1206 quanta
670 1121 960 1205 circumspectione
998 1121 1099 1188 vitam
1138 1119 1224 1185 duxi.

58 1223 146 1288 Nam
178 1225 362 1290 universam
397 1226 532 1310 stipem,
568 1248 665 1311 quam
700 1227 854 1293 discendo
887 1228 1047 1311 impendi,
1081 1225 1225 1293 docendo

58 1329 228 1414 acquisivi,
251 1330 346 1395 simul
369 1332 454 1396 enim
478 1337 512 1398 et
534 1332 633 1397 didici
655 1333 844 1398 Latinorum
868 1333 941 1400 iura
964 1339 998 1399 et
1021 1334 1116 1399 docui
1139 1333 1226 1399 Grae-

58 1457 172 1501 corum
195 1442 373 1521 praecepta,
404 1438 445 1503 de
474 1438 592 1523 quibus
620 1444 697 1504 tunc
728 1446 828 1505 artem
852 1441 1095 1523 grammaticam
1119 1459 1226 1523 graece

58 1543 254 1627 conscripsi,
285 1543 337 1608 cui
353 1543 469 1610 titulus
497 1544 648 1610 exstabat
683 1537 891 1636 μικροπαιδεία
914 1545 948 1610 id
974 1551 1024 1610 est
1059 1545 1226 1628 Micropae-

57 1647 154 1713 (1115.
203 1650 284 1714 Eam
307 1670 392 1715 anno
417 1655 493 1734 post
516 1650 728 1717 Pictonibus⁶
751 1651 865 1716 Galliae
896 1651 1068 1735 Aquitanis
1098 1649 1226 1735 publice

56 1754 139 1837 legi,
169 1760 269 1840 atquc
298 1755 365 1820 illic
395 1756 429 1820 in
455 1757 529 1840 jure
561 1757 646 1821 civili
674 1756 866 1822 cathedram
889 1757 1002 1821 merui.
1049 1757 1227 1838 Regressus

56 1861 135 1926 inde
163 1861 198 1925 in
221 1860 369 1927 Sueviam
398 1883 499 1928 uxore
522 1863 603 1927 mihi
631 1863 730 1929 ducta
761 1863 884 1947 sumpsi
908 1861 1058 1929 Doctoris
1081 1861 1227 1944 insignia,

56 1966 236 2052 populares
260 1988 374 2033 causas
399 1968 487 2052 apud
503 1968 682 2034 tribunalia
708 1974 741 2034 et
753 1969 878 2054 judices
902 1989 1055 2034 exercens
1072 1967 1094 2033 ⁷.
1134 1965 1228 2032 Cum·

57 2095 123 2158 que
150 2094 203 2139 me
234 2074 278 2139 ad
311 2075 552 2141 serenissimum
582 2076 819 2159 Imperatorem
841 2075 1043 2140 Fridericum
1066 2072 1228 2139 tertium⁸

57 2178 200 2264 inclytus
223 2180 376 2264 princeps
398 2181 609 2247 Eberhardus
633 2182 759 2249 Probus
782 2187 819 2260 is,
850 2182 907 2266 qui
929 2187 1044 2265 postea
1066 2180 1100 2244 in
1123 2179 1229 2264 splen-

57 2285 235 2351 didissimis
258 2286 461 2370 Vangionum
491 2288 631 2354 comitiis
650 2287 663 2326 ⁹
692 2309 713 2354 a
736 2288 820 2353 Max.
866 2287 1046 2351 Aemiliano
1070 2286 1229 2351 Romano·

56 2413 132 2457 rum
162 2412 238 2475 rege
267 2413 331 2459 uno
361 2394 490 2479 imperii
528 2414 691 2460 consensu
719 2396 793 2460 Dux
815 2393 939 2478 primus
969 2390 1229 2474 Wimenbergen·

56 2498 141 2564 sium
175 2503 365 2566 auctoratus
400 2505 469 2582 est,
504 2499 545 2566 de
578 2501 670 2584 cujus
701 2500 849 2585 patriciis
874 2520 932 2582 ego
956 2517 1084 2583 quoque
1115 2496 1228 2561 consul

56 2625 158 2684 eram,
181 2611 251 2670 tum
273 2606 381 2690 reperi
405 2627 444 2672 ea
466 2606 499 2672 in
516 2606 680 2690 legatione
696 2606 845 2673 Judaeum
869 2604 1000 2670 doctum
1015 2602 1111 2668 simul
1126 2607 1227 2685 atque

56 2709 226 2778 literatum
255 2713 382 2780 nomine
411 2712 570 2780 Jacobum
595 2712 704 2780 Jehiel
735 2713 843 2779 Loans
872 2711 898 2750 ¹⁰
920 2707 1081 2795 imperiali
1102 2705 1227 2774 munifi-

635 2891 653 2930 *

132 3002 144 3048 1
166 2994 335 3048 Andronicus
355 2997 532 3049 Contoblaoss
551 2998 605 3064 vgl.
626 2997 693 3048 oben
715 2999 897 3049 14771111.
971 2999 1118 3063 lquotuior
1139 2994 1228 3065 annis]

59 3089 141 3147 1478;
166 3085 237 3136 nach
257 3086 343 3137 dieser
361 3087 438 3137 stello
460 3087 559 3137 kdnnte
586 3102 613 3137 es
635 3085 776 3150 schamen,
802 3087 841 3137 als
867 3086 905 3136 sei
924 3085 1055 3136 Reuchlin
1080 3101 1132 3134 von
1151 3084 1228 3134 Basel

56 3174 146 3241 gleich
166 3173 236 3226 nach
255 3173 368 3226 Orloans
391 3176 561 3241 gokommen,
587 3175 637 3225 wie
661 3191 689 3226 es
709 3177 778 3225 anch
797 3173 987 3226 Melanchthon
1006 3172 1137 3233 carerent,
1166 3172 1228 3222 dass

57 3263 115 3313 dem
138 3263 215 3314 nicht
233 3278 262 3314 so
280 3263 316 3314 ist
337 3260 393 3329 vgl.
417 3263 503 3312 meins
522 3263 584 3314 Mel.
605 3263 696 3315 Oratio
717 3280 737 3316 s.
760 3267 791 3314 18
811 3280 849 3328 sq.
924 3265 938 3312 3
960 3278 1028 3313 anno
1053 3261 1157 3311 scilicet
1176 3261 1230 3310 Do·

57 3353 122 3402 mini
143 3355 169 3402 2.
243 3351 335 3402 48011
359 3351 428 3402 ohne
451 3351 554 3402 zweiiel
581 3355 646 3402 1481
672 3352 780 3403 heisson
804 3368 825 3402 s.
852 3367 876 3401 o.
901 3367 958 3400 nro.
977 3351 1022 3401 IV.
1094 3352 1110 3399 5
1133 3349 1229 3399 Micro·

57 3439 162 3508 pacdm]
182 3439 262 3492 Diese
280 3439 447 3508 griechische
468 3440 627 3506 grammatik
644 3441 679 3491 ist
696 3442 740 3490 nie
759 3440 888 3507 gedruclrt
909 3437 1023 3489 worden.
1096 3441 1110 3487 6
1130 3438 1229 3487 Pictio-

56 3529 136 3581 nibus
156 3533 180 3579 2.
218 3530 272 3579 Der
290 3528 435 3579 snfenthslt
458 3544 490 3579 zu
508 3530 624 3580 Poitiers
649 3531 716 3578 1480
737 3530 778 3581 bis
801 3531 876 3591 1481,
904 3527 950 3577 das
973 3525 1229 3592 licentiatondiplom

58 3635 78 3670 s.
95 3633 118 3669 o.
142 3618 352 3669 1411111181
380 3635 436 3670 nro.
455 3618 501 3669 IV.
575 3618 663 3667 uror
687 3617 729 3667 die
755 3617 839 3666 heirat
863 3615 918 3665 und
943 3615 984 3665 die
1008 3614 1155 3682 erlengung
1182 3616 1229 3665 des

58 3706 247 3774 doctorgredos
265 3706 355 3758 lassen
373 3707 432 3758 sich
450 3707 529 3757 koine
547 3723 616 3772 ganz
635 3705 803 3756 bestimmten
827 3705 905 3755 daton
929 3704 1027 3770 geben;
1053 3704 1230 3754 wahrschein-

58 3796 110 3846 lich
137 3795 199 3846 sind
221 3794 298 3844 beide
322 3798 363 3845 ins
386 3795 448 3860 jahr
472 3796 539 3845 1484
559 3811 592 3844 nu
610 3801 712 3844 setzen.
785 3795 870 3844 8Die
892 3793 1095 3858 gesandtschaft
1119 3794 1230 3859 erlolgto

60 3887 126 3936 1492
146 3899 167 3934 s.
187 3902 212 3936 o.
236 3898 293 3934 nro.
313 3883 428 3934 XXVIII
446 3883 474 3933 ff.
547 3882 749 3948 9Vangionum
775 3880 901 3948 comitiis]
921 3881 1056 3948 reiehstag
1075 3898 1105 3931 zu
1125 3883 1230 3931 Worms

61 3973 127 4024 1495
147 3988 169 4024 s.
183 3988 206 4022 o.
220 3986 277 4022 nro.
291 3971 334 4022 LI.
392 3975 423 4021 10
441 3971 540 4038 Loans]
558 3971 619 4020 Von
639 3971 723 4021 einem
742 3969 842 4019 andern
859 3971 1066 4035 pieiittsaeichen
1085 3969 1230 4019 Rouchlins

57 4077 144 4128 gegen
163 4063 237 4110 seino
255 4058 341 4110 lehrer
358 4059 395 4109 im
412 4058 587 4109 hebrltischen
605 4059 736 4110 berichtet
756 4059 842 4121 Majus
861 4074 882 4108 s.
897 4060 960 4107 541:
980 4059 1010 4109 In
1030 4074 1059 4107 eo
1079 4055 1126 4120 (sc.
1145 4057 1249 4131 Mosis,

57 4149 175 4200 Kimchii
194 4148 370 4215 grammatica
394 4159 471 4212 quam
490 4158 581 4207 nm
597 4158 693 4207 nsaw
711 4140 797 4230 *me
817 4146 964 4211 inscripsit)
989 4162 1039 4195 sua
1063 4159 1141 4194 monn
1167 4159 1230 4193 con·
1337 4161 1340 4167 ·

58 4239 211 4305 signavit..
222 4255 246 4287 ,ε
265 4236 379 4286 Joannis
391 4235 530 4285 Reuchlini
543 4237 703 4287 Phorcensis
722 4236 899 4300 Praeceptores
920 4235 945 4282 in
960 4231 1111 4284 Hebraicis:
1125 4233 1229 4282 Primus

58 4326 108 4376 fnit
125 4326 248 4378 «Iacobus
267 4323 356 4374 delriel
374 4323 462 4374 Loans
480 4323 641 4374 Mantuanus
659 4339 707 4374 seu
726 4323 875 4373 Ferraricus
895 4323 944 4369 An.
958 4319 1231 4371 MCCCCLXXXXII

59 4412 108 4465 VII
123 4415 239 4471 Kalend.
261 4411 357 4468 Octob.
378 4411 454 4464 Alter
475 4412 578 4466 Abdico
597 4412 784 4464 Casinutonsis
802 4410 884 4461 Italus
903 4408 974 4463 filius
991 4407 1088 4463 dscobi
1106 4409 1229 4484 Sphurno
