2790 4882
666 277 740 344 -268

108 458 313 550 relustrante,
329 456 478 536 Pontifex
493 468 643 549 Maxime,
666 490 686 534 a
702 468 885 553 Pythagora
909 470 980 553 ejus
995 468 1137 536 nominis
1152 459 1289 551 parents

110 564 242 662 primo,
277 576 319 640 ad
355 597 499 642 summos
529 573 676 641 homines
706 575 938 641 excellentibus
967 575 1105 659 ingeniis
1133 573 1289 658 preditos

108 681 196 748 clim
218 680 328 746 delata
351 680 655 766 perquamplurimis
678 681 770 744 annis
792 679 913 762 ingenti
929 680 1052 745 latratu
1068 679 1289 764 sophistarum

120 787 285 853 occiderat
308 794 374 850 tam
391 786 454 851 -diu
478 785 622 851 tenebris
647 791 681 848 et
703 784 804 851 densa
826 792 921 852 nocte
945 785 1088 871 sepulta,
1120 800 1289 870 quousque

110 880 219 959 :deum
241 879 351 957 farore
376 891 429 957 Sol
454 891 556 957 omnis
580 891 707 973 generis
731 893 926 974 optimorum
957 891 1155 970 studiorum,
1180 889 1290 956 claris·

121 998 222 1065 simus
246 996 441 1062 Laurentius
466 995 609 1061 Medioes
632 1002 727 1078 pater
750 1003 843 1076 tuus,
874 998 983 1081 Magni
1007 997 1116 1063 Cosmi
1144 1015 1288 1079 propago

119 1103 314 1170 Florentium
338 1100 478 1165 civitatis
502 1101 663 1184 princeps,
687 1102 878 1169 exoriretur.
925 1102 1027 1180 Quem
1055 1103 1117 1168 etsi
1133 1101 1289 1181 novimus,

119 1208 228 1275 animo
253 1213 287 1272 et
316 1207 450 1272 scientia
481 1205 681 1289 gubernandi
705 1207 940 1291 rempublicam
969 1214 1002 1273 et
1032 1207 1118 1272 domi
1148 1205 1288 1291 bellique
1317 1236 1320 1242 ·

120 1301 229 1378 omnia
264 1310 398 1377 consilia
429 1333 467 1377 ac
501 1311 675 1396 prudentia
704 1313 837 1396 gerendi
870 1319 939 1378 tam
968 1312 1067 1378 fuisse
1097 1317 1289 1396 compotem,

120 1425 159 1485 ut
178 1438 272 1483 nemo
304 1423 399 1482 aetate
423 1435 483 1482 sua
513 1417 544 1480 in
582 1416 666 1481 civili
710 1418 941 1484 exercitatione
984 1417 1150 1483 rideretur
1189 1417 1290 1501 magis

107 1521 318 1604 laudandus,
350 1527 460 1587 tamen
492 1522 534 1587 ad
563 1520 624 1586 hoc
654 1521 746 1587 nobis
778 1544 850 1587 eum
879 1509 976 1588 fateri
998 1528 1129 1608 oportet
1153 1543 1289 1588 commo·

110 1627 193 1696 dius
224 1636 338 1694 natum
366 1648 437 1693 esse
468 1627 602 1713 perinde
634 1633 733 1712 atquc
764 1629 892 1693 coelitus
922 1627 1113 1708 demissum,
1148 1634 1187 1693 ut
1216 1633 1289 1712 post

111 1729 312 1821 'eloquentia
341 1732 527 1818 disciplinas
552 1739 585 1797 et
608 1732 818 1799 benedicendi
843 1741 931 1799 artes
953 1755 973 1799 a
997 1733 1194 1814 Petrarchis‚
1220 1733 1287 1799 Phi-

118 1839 249 1925 lclphis‚
275 1839 479 1923 hretinisque
504 1837 688 1904 rhetoribus
718 1845 794 1903 ante
813 1840 976 1923 juventuti
999 1839 1193 1926 Florentinis
1227 1846 1290 1904 tra·

109 1943 222 2024 ditas,
261 1965 324 2028 quc
363 1965 433 2008 esse
468 1943 591 2028 absque
625 1945 846 2010 controversia
878 1951 1012 2028 possent
1047 1945 1137 2009 cives
1164 1945 1287 2010 cunctis

123 2049 309 2117 nationibus
333 2049 449 2114 exteris
466 2049 623 2114 nitidiore
640 2050 800 2114 scribendi
817 2050 940 2114 calamo
966 2055 999 2114 et
1013 2050 1159 2133 puritate
1175 2050 1288 2133 lingua

122 2156 320 2234 ornatiores,
348 2156 417 2238 ipse
451 2154 584 2220 tandem
606 2156 721 2240 patriae
749 2155 884 2220 inferret
908 2176 1036 2240 quoque
1065 2154 1155 2221 illam
1180 2156 1288 2240 expul-

120 2262 236 2329 tricem
258 2262 410 2327 ritiorem
427 2261 618 2344 sapientiam
632 2268 666 2326 et
681 2282 874 2326 arcanorum
889 2260 1107 2344 investigandi
1122 2261 1290 2341 rationem,

123 2387 195 2453 quae
218 2367 252 2431 in
276 2366 368 2432 libris
402 2373 435 2431 et
465 2367 680 2430 monumentis
709 2368 888 2450 priscorum
919 2366 961 2432 ad
989 2387 1047 2432 sua
1076 2388 1180 2451 usque
1212 2373 1290 2432 tem·

124 2493 206 2556 pora
226 2472 409 2538 latuissent.

213 2579 262 2643 Ad
285 2578 318 2642 id
339 2577 509 2661 provinciae
528 2576 699 2659 diligenter
725 2577 840 2642 accivit
854 2578 1070 2662 undequaque
1087 2577 1290 2644 doctissimos

106 2701 110 2735 ῑ
122 2680 156 2750 ct
185 2689 332 2748 veterum
363 2688 516 2747 autorum
548 2683 761 2766 peritissimos
799 2684 885 2749 viros
916 2683 1034 2768 quibus
1072 2697 1148 2748 cum
1181 2705 1289 2750 rerum

121 2788 264 2854 scientia,
288 2789 384 2852 etiam
417 2787 498 2852 satis
530 2796 617 2853 esset
655 2789 861 2872 eloquentia,
895 2789 1096 2855 Demetrium
1136 2789 1290 2856 Chalcen-

107 2891 226 2978 -dylen,
251 2892 432 2957 Marsilinm
455 2893 614 2973 licinum,
646 2894 820 2978 Georgium
845 2895 1052 2978 Vespucium,
1083 2892 1291 2980 Christopbe

120 3021 192 3065 rum
208 2998 397 3078 Laudinum,
422 2998 582 3078 Valorem,
605 2999 760 3082 Angelum
777 3000 983 3082 Politianum‚
1008 3001 1167 3065 Jcanuem
1181 3000 1290 3066 Picum

122 3102 315 3169 Mirandulae
348 3104 511 3184 comitem,
544 3110 741 3189 caeterosque
773 3106 860 3172 orbis
890 3104 1139 3187 eruditissimos,
1173 3106 1291 3192 quibus

121 3209 329 3293 antiquorum
360 3209 493 3274 solertia
524 3217 557 3274 et
586 3231 708 3275 arcana
737 3217 883 3278 vetustas
915 3211 1116 3296 malignitate
1155 3232 1289 3279 casuum

695 3346 714 3382 ιι

120 3409 196 3462 nicht
215 3409 348 3474 erhslten,
372 3427 399 3461 er
422 3412 539 3463 schreibt
565 3428 597 3463 an
630 3414 821 3464 Pircirheimer:
848 3413 949 3463 litteras
974 3415 1017 3465 Jo.
1043 3413 1174 3465 Rsuohlin
1201 3414 1291 3483 accepi

121 3498 180 3563 (der
212 3499 284 3550 briei
311 3503 346 3550 ist
380 3501 484 3551 lreilich
512 3503 585 3552 nicht
610 3502 683 3552 mehr
708 3502 847 3569 erhalten),
866 3501 961 3552 librum
988 3505 1044 3569 ejus
1069 3502 1200 3568 nondum,
1230 3519 1291 3569 quo·

120 3591 192 3640 niam
213 3589 274 3638 Pota
294 3589 484 3654 (Hieronymus
509 3591 558 3640 wie
585 3591 722 3640 Heumann
750 3595 820 3658 sagt)
853 3590 984 3642 mercibus
1013 3588 1099 3642 adhuc
1118 3591 1233 3644 Veronae
1251 3597 1289 3642 est

122 3677 273 3741 (Heumann
294 3693 316 3726 a.
337 3693 359 3727 a.
379 3695 401 3727 o.
421 3693 441 3728 s.
460 3681 514 3744 34).
556 3681 621 3729 1516
642 3678 739 3728 meldet
759 3680 856 3729 hereits
870 3680 987 3729 Gerhard
1003 3680 1125 3744 Lysirius
1145 3680 1204 3731 dem
1217 3681 1290 3731 Eras-

121 3780 190 3816 mus:
216 3766 323 3832 scripsit
348 3766 412 3814 mibi
433 3765 578 3828 Caesarins,
606 3768 767 3832 Capnionsm
787 3782 878 3817 curare
900 3767 970 3834 apud
990 3767 1119 3818 rhomam
1139 3769 1290 3820 Ansclmnm

120 3854 235 3921 imprimi
262 3861 343 3903 artem
374 3853 555 3904 calralisticom
585 3864 610 3904 ct
638 3855 830 3920 philosophiam
860 3855 1069 3922 pythagoricam.
1095 3855 1138 3905 Er.
1159 3873 1220 3924 opp.
1248 3857 1290 3919 111,

122 3941 174 3994 col.
201 3943 280 4005 1581,
308 3942 424 4008 Append.
452 3958 507 3992 uro.
533 3943 600 3993 CIV.
639 3944 715 3993 Auch
743 3942 841 3992 Luther
864 3944 911 3993 hat
935 3943 982 3994 das
1005 3944 1075 3993 weris
1103 3943 1221 3996 benutat.
1256 3945 1289 3995 Er

120 4030 239 4082 schreibt
257 4047 290 4080 au
305 4030 423 4096 Spalatin
444 4033 476 4081 29
490 4030 555 4080 Juni
573 4034 638 4082 1518
663 4030 814 4093 (daweus,
833 4032 943 4082 Luthers
961 4032 1050 4094 briele,
1070 4032 1160 4083 Berlin
1183 4034 1288 4095 rauel,

29 4137 35 4148 ·
120 4133 141 4171 s.
165 4121 237 4184 laq:
275 4118 350 4180 Quod
369 4127 395 4169 et
413 4118 551 4169 lohannes
570 4119 698 4170 Rcuchlin
726 4120 888 4170 insecundo
912 4120 978 4170 libro
997 4105 1125 4171 'Cobucla
1147 4136 1203 4172 susc
1226 4122 1288 4172 raus

121 4207 244 4260 affirmat:
268 4207 336 4271 quod
359 4209 382 4258 si
409 4207 464 4257 ulla
483 4209 631 4258 necessaria
651 4215 692 4258 est
710 4208 856 4270 dialectica,
883 4210 1010 4258 naturalis
1030 4209 1079 4259 illa
1098 4209 1219 4275 ingenita
1236 4210 1287 4261 sui·

121 4295 184 4356 ficit,
203 4310 256 4360 qua
274 4295 351 4347 horno
371 4301 487 4364 promtus
507 4304 547 4350 est
565 4297 682 4350 conferre
700 4295 800 4353 credita
818 4312 876 4349 curn
896 4296 1015 4365 creditis,
1033 4303 1059 4349 et
1077 4298 1116 4354 sic
1134 4296 1286 4353 concludere

121 4397 192 4436 reru.
