2790 4882
647 269 712 336 114

94 463 198 528 riam¹
214 467 319 528 artem
327 459 699 546 respiciunthahcamus‚
716 460 823 525 auimo
831 463 918 525 esset
927 478 966 523 ea
975 457 1079 525 literis
1089 457 1258 526 mandare.

98 570 205 647 Quare
228 567 462 633 humanitatem
486 571 576 630 tuam
599 571 726 631 tantum
751 586 838 648 rogo,
861 570 898 628 ut
921 565 1024 648 magis
1046 587 1110 631 non
1125 565 1258 650 possim,

95 695 241 759 eaquae
266 696 305 739 ex
328 673 460 757 Cratylo
491 672 681 755 transcripsi
702 691 934 754 recognoscere
963 671 1042 736 velis
1071 670 1259 737 emendata-

96 802 158 865 que
200 780 376 847 remittere.
428 778 655 843 Gratissimum
689 778 823 860 insuper
856 775 936 840 mihi
965 776 1081 843 feceris
1116 783 1150 843 et
1180 797 1259 842 sane

95 907 194 971 supra
217 907 314 970 quam
344 884 407 949 dici
430 883 548 967 possit,
578 884 607 949 si
629 881 771 966 singulas
795 881 953 946 dictiones
977 903 1110 965 graecas
1133 882 1259 966 graecis

95 992 275 1076 nativisque
292 989 461 1056 elementis
477 988 696 1067 adornaveris‚
712 993 749 1052 ut
764 1008 816 1053 me
832 985 977 1070 coepisse
994 987 1102 1053 videre
1118 988 1259 1073 poteris;

96 1097 303 1180 siccamque
326 1095 466 1179 propriis
489 1094 731 1177 congenitisque
756 1098 854 1176 atque
875 1092 1003 1171 nativis,
1026 1100 1063 1157 ut
1077 1093 1126 1159 ita
1141 1093 1259 1174 dicam,

95 1201 199 1266 literis
227 1201 428 1283 conscriptae
458 1201 580 1283 majore
611 1199 772 1265 suavitate
800 1196 956 1281 legentur.
1003 1199 1062 1263 Est
1084 1205 1196 1264 autem
1220 1220 1259 1264 ea

96 1327 149 1371 res
174 1292 239 1371 ‘tibi
266 1306 356 1371 factu
387 1305 558 1384 facillima,
590 1305 708 1388 quippe
737 1303 792 1387 qui
822 1324 973 1385 graecam
1000 1309 1099 1388 atque
1122 1303 1259 1370 latinam
1283 1374 1286 1382 ,

95 1409 214 1476 calleas
230 1410 381 1494 linguam,
397 1433 456 1476 nec
472 1411 572 1475 tantis
588 1408 764 1492 implicitus
780 1430 814 1473 es
830 1408 975 1491 negotiis,
1000 1409 1077 1493 quin
1093 1410 1258 1474 tantillum

95 1516 250 1600 temporis
280 1515 431 1581 suffurari
462 1517 575 1600 possis.
621 1516 686 1580 Fae
708 1515 833 1598 itaque,
861 1513 941 1579 bone
965 1515 1022 1594 vir,
1046 1537 1105 1598 pro
1129 1537 1203 1587 mea
1225 1516 1258 1581 in
1291 1500 1294 1505 ’

70 1656 73 1661 -
94 1628 128 1687 te
152 1608 346 1687 confidentia
369 1629 403 1687 et
425 1643 464 1686 ea
487 1641 570 1706 quae
587 1620 687 1704 petivi
702 1620 940 1704 quamprimum
960 1621 1082 1704 poteris
1098 1621 1257 1688 absolvas.

96 1725 329 1805 Quaterniones
357 1738 481 1793 summa
511 1725 659 1792 custodia
681 1724 840 1805 servabis,
870 1726 959 1791 aliud
983 1726 1067 1791 enirn
1091 1728 1259 1811 exemplar

94 1832 198 1898 habeo
228 1831 360 1897 nullum.
406 1832 521 1897 Omnia
550 1853 626 1896 vero
655 1830 715 1895 tibi
744 1829 893 1914 delegare
921 1831 1024 1911 nolui,
1054 1832 1258 1916 potissimum

93 1944 161 2004 tam
183 1943 351 2020 occupato.
397 1937 492 2003 Abba
514 1943 624 2002 noster
646 1935 850 2019 dignissimus
874 1942 907 2002 te
933 1937 1015 2004 bene
1031 1938 1139 2005 valere
1155 1945 1258 2024 optat.

94 2042 174 2110 Vale
196 2041 296 2108 felix.
343 2042 392 2106 Ex
415 2040 613 2127 Ottenpnrra
639 2046 679 2107 10
703 2041 753 2105 Kl.
776 2041 858 2125 Aug.
884 2047 978 2109 1509.

181 2151 254 2211 Msc.
272 2151 385 2211 Ellenb.
401 2151 451 2211 lib.
467 2152 482 2210 I
497 2169 542 2227 ep.
561 2155 579 2211 7
584 2155 613 2211 3.
629 2149 679 2209 fol.
699 2153 765 2208 64³·
777 2145 804 2209 b.

639 2332 719 2400 CXI.

165 2439 337 2494 schlettstett.
1008 2445 1038 2491 10
1057 2441 1122 2491 Nos.
1145 2441 1222 2492 1509.

92 2547 227 2622 Beatus
249 2545 448 2622 Rhenanus
473 2541 486 2581 ²
510 2540 739 2618 Selietatinue
762 2543 789 2618 J
790 2570 822 2617 o.
850 2541 1034 2644 Oapnioni
1057 2546 1258 2620 Phorcensi

595 2665 631 2742 S.
653 2668 697 2740 D.
718 2667 759 2741 P.

182 2813 324 2882 Jacobirs
340 2812 447 2880 Faber
460 2811 473 2852 ³
488 2812 689 2898 Stapulensis
704 2814 753 2879 vir
776 2834 816 2879 cx
839 2815 924 2879 omni
947 2836 1026 2880 aevo
1057 2815 1259 2898 incompara-

94 2920 167 2988 bilis
183 2920 388 3005 omniumque
407 2918 649 3004 disciplinarum
664 2919 848 2987 uberrimus
864 2919 935 2986 lons
950 2921 1006 3005 qui
1021 2921 1259 3007 philosophiam

659 3045 678 3082 11·

90 3133 214 3199 gemacht
233 3129 344 3194 werden,
364 3130 426 3180 aber
445 3129 656 3181 nnaohtsamlreit
674 3129 737 3181 oder
754 3130 950 3183 unredliehkeit
962 3148 1014 3183 von
1033 3131 1183 3183 bekanntcn
1204 3130 1259 3184 liell

91 3219 133 3270 die
156 3218 321 3270 hendrohrift
344 3234 376 3269 zu
402 3218 502 3285 grunde
522 3217 606 3285 gehen
624 3219 677 3269 und
701 3219 729 3271 ll.
753 3218 878 3286 beklagte
902 3220 975 3270 ihren
999 3221 1107 3272 veriust.
1144 3220 1205 3286 Vgl
1224 3238 1259 3273 m.

95 3307 198 3359 Ellenb.
218 3324 239 3358 s.
260 3308 294 3357 68
313 3307 350 3372 lg.

166 3400 178 3445 1
197 3393 401 3461 impressoriam]
419 3377 492 3446 llber
510 3393 552 3444 die
571 3409 624 3444 von
645 3393 704 3445 dem
724 3395 769 3447 abt
788 3392 926 3446 Leonhsrd
946 3393 1117 3445 Wiedemann
1137 3395 1164 3444 in
1181 3395 1259 3449 Otto·

91 3482 188 3534 beuren
209 3481 397 3548 cingerichtete
419 3480 571 3545 drucherei,
595 3483 622 3532 in
642 3483 687 3534 der
709 3483 777 3534 anch
795 3485 836 3533 ein
857 3483 928 3532 werlu
946 3481 990 3531 Es
1011 3481 1131 3533 ersebien
1156 3485 1259 3552 [hsterr.

88 3568 323 3636 rierteljshrsachr.
346 3571 364 3620 1.
387 3570 461 3620 katb.
485 3569 565 3621 theol.
587 3574 652 3621 1871
673 3589 694 3623 s.
716 3568 852 3638 4451vgl.
872 3586 904 3619 m.
925 3568 1027 3620 Ellenb.
1047 3586 1068 3620 s.
1090 3574 1121 3621 13
1141 3589 1168 3623 ιι.
1188 3589 1213 3624 a.
1232 3580 1259 3626 4.

90 3658 155 3708 1Β.
175 3657 223 3708 Rh.
246 3673 299 3708 von
322 3657 369 3708 Ad.
390 3660 537 3722 Horawitn,
564 3659 669 3709 ehefte
688 3659 765 3710 Wien
789 3661 863 3709 1872.
937 3660 952 3708 3
976 3658 1065 3708 Jalrob
1088 3659 1173 3711 Faber
1196 3661 1258 3727 geb.

92 3745 336 3812 ltuozuEtaptes
356 3747 448 3796 luder
469 3748 606 3809 Pilrardie,
629 3744 726 3798 studirt
744 3747 771 3795 in
791 3746 880 3810 Paris,
905 3745 1053 3812 griechisch
1079 3748 1122 3799 hei
1146 3749 1259 3801 Hermo·

87 3847 189 3898 nymus,
208 3834 272 3883 reist
289 3833 357 3883 nach
376 3835 471 3885 ltalien
494 3838 569 3897 1492,
588 3836 623 3884 ist
642 3832 711 3882 donn
730 3835 757 3883 in
777 3834 851 3884 Paris
871 3834 911 3885 als
930 3837 1063 3902 professor
1081 3837 1179 3903 thatig;
1206 3855 1259 3894 von

86 3921 177 3971 seinen
191 3920 314 3972 schillern
327 3920 387 3972 sind
401 3922 563 3975 namentlieh
576 3921 706 3972 bekannt:
722 3921 740 3971 J
743 3922 841 3974 acobns
852 3922 1030 3986 Oliehtoveus,
1044 3925 1166 3987 Aventin,
1179 3941 1259 3978 unser

85 4008 204 4061 Rheuen.
236 4009 325 4060 Dutch
344 4009 387 4061 die
407 4011 506 4061 familie
522 4009 657 4059 Brissonet
677 4008 781 4076 erlungt
800 4026 827 4061 er
847 4013 906 4062 eine
926 4011 1042 4078 stellung
1060 4028 1102 4063 sm
1121 4013 1183 4064 hose
1203 4014 1258 4066 und

87 4096 152 4146 wird
172 4097 279 4148 bischos
295 4114 345 4148 von
364 4098 469 4151 Meeux.
507 4097 585 4147 Scine
602 4097 879 4149 wissenschaftlichen
901 4099 1049 4151 verdienste
1067 4101 1192 4153 bestehen
1211 4118 1258 4153 na-

87 4184 212 4235 mentlish
238 4187 265 4235 iu
292 4188 378 4237 seincr
405 4186 582 4251 ubersetzung
608 4185 654 4236 der
676 4186 749 4237 bihel
774 4188 815 4238 ins
836 4189 1016 4239 frannbsische
1040 4189 1094 4240 und
1116 4191 1143 4240 in
1170 4192 1259 4242 seiner

87 4272 230 4338 thlttlgkeit
254 4275 293 4327 als
319 4280 421 4340 exeget.
460 4274 561 4339 weges
585 4276 657 4324 einer
679 4273 861 4342 bcbsuptnug,
890 4292 918 4326 es
944 4278 1011 4343 gehe
1034 4293 1083 4328 nnr
1108 4279 1166 4329 eine
1192 4278 1258 4332 heil.

86 4364 170 4425 Anna,
190 4362 231 4413 die
250 4379 300 4412 nur
318 4365 376 4413 eine
395 4361 498 4412 tochter
511 4361 595 4412 Maris
613 4361 712 4428 gehsbt
731 4363 809 4429 habe,
827 4363 973 4415 verdammt
991 4366 1044 4417 und
1059 4383 1149 4434 wegen
1170 4369 1259 4420 sciner
