2716 4898
700 242 762 308 102

137 436 253 523 jubeto
276 439 352 501 utut
373 430 462 500 voles
485 436 519 498 et
542 432 661 500 valeas.
706 434 756 498 Ex
778 428 966 516 Stutgardia
989 434 1017 494 7.
1040 425 1205 495 Kalendas
1225 423 1295 492 ret

141 542 250 608 rueris
265 562 350 607 anno
370 545 464 606 1507.

482 644 625 711 Joannes
647 643 816 723 Reuehliu¹
839 640 1030 709 Phoreensis
1052 638 1116 705 LL.
1140 636 1259 704 doctor.

237 761 251 815 1
271 776 312 812 =
327 756 429 815 Basler
451 754 708 814 universitatsbibl.
728 753 883 813 handst-hr.
899 752 925 812 G
943 751 981 811 II.
1001 753 1060 812 13⁸
1079 764 1143 808 nro.
1161 749 1212 806 59.
1247 745 1296 805 ta

143 862 246 925 schrift
260 880 316 922 uon
332 861 405 921 Ksrl
420 859 558 920 Buxtorfs
577 862 659 919 1841
683 859 756 919 nach
775 857 840 918 dem
861 857 970 919 damals
988 871 1081 932 gagen
1103 854 1212 914 andare
1226 856 1297 913 tutu

140 969 272 1046 graphan
287 966 490 1028 vertausehten
506 966 656 1041 originale.

622 1161 841 1229 LXXXXVIL

215 1270 355 1337 stuttgart.
1050 1267 1081 1315 12
1101 1261 1178 1331 April
1200 1264 1271 1314 1107.

142 1375 285 1454 Joanni
317 1371 592 1448 Amorbacehio
623 1372 832 1474 impressori
862 1368 1057 1446 Basiiiensi
1088 1367 1300 1444 amieissimu

423 1523 490 1570 suo
519 1495 593 1600 [Jo.
623 1493 819 1598 Reuehlin]
846 1494 884 1570 S.
913 1495 958 1568 D.
986 1494 1028 1569 P.

232 1646 326 1726 Quod
357 1645 401 1710 ad
433 1650 466 1711 te
497 1645 644 1710 crebrius
675 1663 773 1728 quam
805 1642 943 1707 fortasse
975 1639 1054 1706 velis
1077 1638 1119 1704 ds
1142 1659 1179 1705 re
1202 1638 1303 1703 mea¹

140 1751 264 1831 scribo,
293 1753 442 1834 ignoscas
472 1749 684 1835 impatientia
714 1769 793 1814 meae
825 1768 897 1832 quae
924 1751 1016 1812 tanto
1040 1749 1179 1830 augetur
1200 1742 1304 1828 magis,

141 1863 274 1944 quanto,
299 1856 377 1941 quid
400 1856 480 1920 mihi
495 1855 535 1920 de
552 1856 644 1921 libris
660 1856 740 1920 meis
756 1853 914 1938 agendum
929 1853 981 1932 sit,
1003 1850 1193 1918 minus'seio
1209 1849 1305 1936 quoti·

140 1961 258 2045 dieque
290 1961 512 2026 vehementius
547 1968 681 2045 expecto
714 1961 827 2026 literas
850 1965 924 2024 tuas
946 1957 1083 2024 hominis
1106 1957 1186 2022 mihi
1208 1955 1305 2021 instar

139 2065 275 2132 Achatis
303 2064 460 2130 fidissimi.
507 2067 590 2131 Nam
623 2089 728 2151 neque
751 2066 891 2131 Thomas
916 2066 928 2103 ²
958 2065 1134 2149 impressor
1163 2083 1215 2128 me
1244 2082 1306 2127 cer·

139 2171 257 2236 tiorum
272 2170 359 2250 iacit,
377 2177 410 2236 et
426 2173 518 2256 quasi
535 2172 807 2257 pythagorizaret,
830 2192 889 2237 nee
905 2170 1050 2256 loquitur
1071 2189 1180 2254 neque
1197 2188 1307 2234 renun-

139 2276 206 2341 ciat
222 2276 405 2361 quiequam.
430 2276 600 2342 Contrario
617 2299 742 2343 mecum
759 2278 862 2342 utitur
880 2297 969 2342 mure
986 2296 1078 2341 secus
1095 2282 1196 2359 atque
1214 2294 1308 2359 quon·

139 2379 224 2446 dam.
270 2382 393 2462 Antea,
424 2381 501 2446 dum
532 2403 575 2448 aes
600 2383 798 2467 erogandum
822 2383 901 2463 fuit,
933 2381 1044 2465 aceepi
1067 2387 1308 2447 momentaneas

139 2507 261 2570 easque
291 2487 448 2570 plurimas
479 2487 521 2552 ab
552 2509 590 2554 eo
620 2489 744 2553 literas.
790 2488 881 2553 Nune
906 2494 981 2572 post
1003 2507 1142 2552 messem
1166 2484 1308 2570 speranti

140 2592 266 2658 fructus
289 2615 352 2658 non
370 2592 475 2658 dicam
500 2596 622 2678 rumpit
637 2593 744 2673 fidem,
768 2595 825 2660 sed
848 2593 958 2658 flectit.
996 2592 1043 2657 Tu
1067 2591 1157 2658 solus
1181 2589 1307 2656 consilio

138 2719 190 2763 me
226 2700 341 2782 juvare
373 2707 481 2782 potes,
517 2701 544 2764 si
578 2700 672 2779 velis,
705 2701 762 2783 qui
792 2701 933 2765 emnium
964 2704 1184 2764 mercatorum
1216 2696 1307 2762 fidem

140 2823 276 2885 superas
319 2811 353 2869 et
385 2805 454 2870 sola
491 2805 629 2873 veritate
669 2802 841 2871 verborum
871 2811 1000 2871 tuorum
1030 2805 1136 2870 vicisti
1171 2803 1307 2869 omnium

140 2905 313 2972 fortunam.
346 2908 454 2986 Quare
479 2932 536 2976 oro
559 2918 593 2976 te
616 2932 675 2995 pro
699 2917 812 2977 nostra
834 2918 943 2976 vetere
966 2912 1132 2976 internos
1156 2910 1307 2988 amicicia,

140 3010 220 3074 nihil
236 3014 406 3091 cuncteris,
424 3016 500 3097 quin
517 3017 559 3080 ad
580 3039 630 3081 me
647 3015 767 3081 bonum
791 3018 941 3082 nuncium
958 3015 1121 3083 rescribas
1137 3017 1204 3082 tuis
1220 3015 1306 3100 desy-

141 3114 357 3182 deratissimis
387 3118 491 3184 literis
525 3143 584 3204 per
608 3123 693 3188 hunc
717 3123 834 3209 Cyrum
867 3123 910 3188 ad
937 3143 988 3187 me
1012 3121 1139 3188 dandis.
1186 3120 1306 3200 Quain

120 3235 241 3286 'causa
271 3229 360 3288 reete
390 3223 623 3292 Germanorum
653 3229 789 3311 ingeniis
821 3235 854 3294 et
876 3229 970 3293 famae
993 3227 1158 3306 eonsules,
1182 3227 1238 3312 qui
1260 3245 1305 3290 ms

139 3345 205 3391 non
228 3328 434 3411 usqueadeo
459 3330 500 3395 ab
524 3332 728 3398 incunabulis
760 3355 850 3400 novae
875 3334 1053 3419 discipliuae
1078 3334 1091 3374 ³
1114 3333 1234 3399 terreri
1255 3351 1306 3416 pa·

139 3430 250 3512 tiaris,
282 3439 319 3498 ut
348 3434 610 3504 abstrusissimae
633 3439 841 3505 scientiarum
865 3441 933 3504 vias
954 3438 1062 3505 adhuc
1084 3438 1119 3504 in
1142 3439 1217 3505 sinu
1238 3456 1304 3502 meo

139 3537 325 3603 reconditas
357 3547 391 3605 et
424 3541 549 3606 Latinis
585 3541 744 3610 haetenus
777 3545 903 3628 ignotas
937 3565 1000 3610 uon
1029 3543 1185 3628 pandam.
1231 3541 1303 3608 Vale

139 3638 309 3724 feliciaque
340 3643 440 3709 redde
476 3648 616 3712 oracula.
664 3650 784 3715 Datum
816 3671 856 3715 ex
879 3649 1084 3734 Stuttgardia
1108 3650 1215 3735 pridie
1238 3648 1302 3715 idus

138 3743 260 3827 apriles
283 3766 367 3810 anuo
394 3753 487 3812 1507.

489 3854 631 3923 Joannes
655 3859 812 3924 Reuehlin
834 3859 1027 3924 Phorcensis
1050 3861 1114 3925 LL.
1140 3861 1262 3928 doctor.

230 3964 245 4019 l
266 3981 308 4015 =
324 3960 426 4020 Basler
446 3964 700 4027 universitttsbibl.
722 3968 875 4028 haudsehr.
897 3967 923 4027 G
943 3968 972 4026 11
995 3970 1053 4028 13⁸
1073 3986 1137 4030 nro.
1165 3972 1207 4030 60
1228 3974 1300 4030 aute

136 4065 240 4142 graph.

710 4182 728 4220 *

212 4268 221 4311 1
244 4281 273 4315 re
291 4263 359 4332 msa]
380 4263 433 4332 vgi.
454 4263 523 4313 oben
542 4281 562 4316 s
578 4269 635 4328 101,
655 4285 678 4319 a.
702 4277 721 4321 1.
778 4277 792 4322 2
812 4271 936 4339 Thomas]
957 4274 1085 4326 Anshelm
1105 4277 1132 4326 in
1147 4274 1299 4328 Pioraheim.

137 4350 152 4399 8
173 4365 249 4401 nova
267 4351 344 4424 diss]
363 4352 410 4404 der
429 4351 603 4405 hebrtiiseheu
623 4358 735 4424 spruehe
754 4360 807 4412 uud
826 4361 872 4412 der
889 4361 1032 4414 kabbalsh.
