2716 4898
640 270 709 340 238

627 530 735 600 OOVL

165 621 306 688 Stuttgnrt.
999 625 1032 671 21
1053 619 1128 673 Febr.
1148 623 1211 674 1515.

283 708 449 783 «Ioannes
467 708 651 784 Reuohlin
669 736 719 783 an
738 707 878 783 Martin
897 706 1072 809 Groning

93 852 191 921 bittet
213 854 279 935 ihu,
301 853 355 920 bei
377 854 438 921 der
459 855 674 940 iibersetzung
697 854 755 922 dea
778 855 1039 942 angenspiegels‚
1062 856 1124 922 mit
1143 856 1195 923 der
1212 877 1239 924 er

92 959 278 1046 beauitragt
299 961 355 1039 sei,
378 960 472 1027 recht
494 960 575 1028 viole
597 961 694 1028 miihe
716 960 950 1041 auzuwouden‚
974 960 1029 1028 die
1051 981 1112 1027 aus
1134 961 1236 1030 andern
1282 1046 1284 1053 Ι

93 1072 230 1132 autoren
261 1065 476 1151 angefubrten
510 1067 625 1133 stelleu
658 1067 725 1133 und
757 1067 845 1133 seine
877 1065 1011 1151 eigenen
1046 1072 1146 1134 worte
1168 1067 1240 1136 recht

93 1176 206 1256 atreng
232 1194 272 1237 zu
300 1170 452 1238 scheiden
481 1172 548 1238 und
575 1172 701 1238 acbickt
730 1171 809 1252 ihm,
847 1193 904 1238 zur
934 1170 1172 1257 erloichterung
1195 1172 1239 1239 der

94 1276 211 1358 arbeit,
233 1277 304 1343 eine
328 1299 390 1344 von
413 1277 478 1344 ihm
500 1277 604 1345 selbot
618 1278 786 1364 gemachte
801 1277 992 1344 lateiniscbe
1008 1277 1212 1364 iibersetzuog
1224 1279 1238 1343 ¹.
1282 1318 1284 1363 ι

95 1382 144 1447 Ex
167 1382 357 1467 Stntgardia
380 1388 422 1448 20
445 1383 539 1450 Febr.
566 1390 660 1450 1515.

183 1491 345 1552 Hendachr.
370 1511 412 1549 =
435 1494 512 1554 Berl.
536 1511 620 1554 mscr.
644 1494 694 1554 iol.
720 1497 776 1568 233
804 1491 1171 1575 gedr.=1⁴'riedleuder,
1194 1489 1235 1552 be'·

97 1604 190 1675 trago,
213 1615 236 1659 a.
263 1600 314 1659 52.

620 1785 742 1852 covlu

166 1869 337 1925 Ottobeuran.
1000 1873 1035 1924 25
1053 1871 1130 1924 Febr.
1151 1871 1213 1921 1515.

152 1958 281 2034 Frater
306 1959 485 2036 Nicolaus
504 1961 693 2062 Ellenbog
719 1961 861 2038 Joanni
887 1960 1075 2036 Reuohlin
1103 1958 1139 2036 S.
1169 1957 1199 2033 d.

184 2107 423 2175 Humanissime
448 2110 496 2175 vir
530 2131 569 2175 ao
591 2117 772 2195 praeceptor
800 2108 1110 2190 observandissime,
1143 2104 1236 2174 certior

95 2209 201 2279 sactus
225 2231 296 2279 anm
320 2214 360 2281 de
384 2215 514 2281 redditu
539 2221 612 2295 tuo,
639 2215 667 2281 si
690 2215 786 2281 modo
809 2235 887 2280 vera
910 2221 961 2281 est
983 2213 1088 2296 fama,
1118 2235 1156 2279 ex
1180 2209 1238 2278 urbe

95 2339 156 2403 per
177 2318 333 2386 famulum
357 2320 497 2404 Dietagii
519 2320 802 2387 Westerstetten²
829 2319 1015 2387 Conradum
1046 2339 1142 2404 quem
1177 2316 1238 2384 forte

96 2422 216 2490 offendi
247 2429 288 2490 22
312 2424 469 2492 februarii
496 2427 529 2491 in
560 2426 682 2512 oppido
706 2426 921 2510 Memmingen
948 2425 1003 2510 qui
1027 2430 1061 2490 te
1086 2423 1170 2490 domi
1190 2438 1240 2488 ease

96 2535 131 2596 et
158 2529 241 2621 bene
271 2531 379 2598 valere
410 2530 635 2599 affirmabat.⁸
681 2533 800 2618 Accepi
822 2538 933 2598 autem
964 2529 1089 2597 dudum
1117 2551 1138 2596 a
1162 2527 1240 2594 fratre

96 2635 238 2722 quodam
271 2638 394 2705 ordinis
420 2638 671 2724 predicatorum
701 2658 774 2705 cnm
797 2659 861 2723 quo
892 2637 970 2703 mihi
993 2658 1058 2703 non
1081 2655 1181 2721 parra
1199 2649 1240 2718 pro
1282 2622 1284 2669 ³

96 2745 154 2808 tuo
183 2742 305 2809 honore
333 2743 532 2810 defensando
561 2745 760 2811 concertatio
788 2743 864 2823 init,
897 2749 929 2809 te
960 2743 1099 2808 citatum
1129 2732 1241 2807 esseni

97 2847 219 2914 Urbem
236 2871 295 2934 per
309 2848 533 2934 inquisitorem
550 2850 801 2936 praedicatorum
816 2869 912 2935 quem
935 2855 972 2914 tu
986 2847 1079 2933 prior
1090 2847 1133 2914 ad
1144 2844 1242 2913 Urbem

96 2954 206 3021 venire
224 2956 417 3040 compulisti,
440 2957 711 3042 quemadmodum
735 2979 775 3023 ex
795 2954 949 3041 proximis
964 2953 1031 3020 tuis
1052 2953 1156 3020 literis
1168 2951 1242 3037 plne

97 3058 253 3126 intellexi.
298 3061 481 3148 objiciebat
512 3069 622 3131 autem
644 3070 721 3130 tuuc
751 3061 854 3129 frater
876 3061 931 3127 ille
953 3059 1138 3146 impatienti
1159 3056 1242 3124 auimo

97 3164 185 3247 mibi,
209 3187 248 3233 ne
272 3167 378 3234 dicam
400 3170 522 3249 insano,
546 3176 583 3236 ut
606 3170 782 3236 sitantum
807 3166 868 3234 tibi
890 3165 1027 3234 effeetus
1049 3186 1155 3233 essem
1175 3165 1243 3229 actu·

97 3276 167 3337 tum
183 3292 235 3338 me
251 3274 431 3341 conferrem
454 3275 496 3341 ad
513 3275 644 3357 Urbem,
657 3281 693 3341 ut
708 3273 829 3340 auxilio
845 3271 906 3339 tibi
929 3293 1034 3339 essem
1057 3276 1093 3338 et
1106 3264 1243 3357 presidio

97 3375 132 3442 in
147 3398 187 3444 ea
201 3378 286 3445 enim
302 3380 497 3448 constitutus
510 3401 596 3447 nuno
619 3402 691 3449 esse
702 3379 896 3448 necessitate
912 3394 978 3465 qna
993 3377 1064 3445 erui
1087 3377 1130 3445 ab
1144 3369 1245 3444 emulis

675 3511 693 3549 *

175 3603 185 3649 1
207 3599 251 3652 Sio
269 3598 304 3652 ist
326 3598 481 3652 schwerlich
500 3601 568 3652 noch
587 3597 667 3669 aoitig
685 3616 775 3669 gonup
793 3598 1002 3667 angekommen,
1025 3613 1072 3648 um
1087 3593 1204 3661 Groning
1216 3585 1246 3641 bei

99 3686 185 3739 rainer
208 3689 384 3756 iibersetaung
407 3688 525 3741 ndtalich
549 3706 582 3740 au
609 3689 675 3743 sein.
710 3689 843 3740 Letaterer
866 3684 1076 3740 vcr'dffentliohte
1101 3688 1186 3752 apator
1206 3676 1245 3730 rein

99 3775 171 3828 work
189 3776 244 3828 und
262 3774 396 3829 bemerkte
413 3776 441 3827 in
454 3777 540 3829 soiner
558 3793 609 3830 uns
629 3777 780 3828 erhaltenen
792 3774 909 3838 vorroda,
927 3773 988 3825 daea
1001 3790 1029 3824 er
1046 3770 1186 3823 besondorr
1197 3761 1246 3818 noch

100 3864 280 3930 deutlichkeit‚
296 3864 372 3916 nicht
383 3865 450 3916 nacb
465 3864 603 3915 achbnbeit
614 3863 731 3932 pestrebt
746 3863 801 3914 und
813 3861 925 3914 erreiabt
937 3859 1012 3925 habe,
1026 3859 1087 3911 dces
1100 3856 1213 3919 dieeelbe,
1223 3865 1246 3902 ⁸¹¹

99 3952 145 4005 dor
158 3952 200 4004 dic
210 3968 308 4020 gegner
320 3952 401 4004 solbat
412 3969 464 4003 nur
483 3956 499 4004 8
519 3953 601 4004 fohier
613 3959 783 4004 ausauaetaen
794 3950 891 4018 gebabt
902 3950 1004 4013 betten,
1024 3964 1077 3999 von
1090 3948 1141 3999 don
1152 3945 1246 3998 riman

100 4041 140 4093 ala
161 4041 334 4109 maorgobend
358 4057 560 4109 augonomman‚
590 4039 713 4092 webrend
731 4040 773 4092 dia
791 4037 969 4107 gegncrieche,
987 4053 1023 4088 an
1041 4036 1088 4088 dor
1106 4038 1158 4088 800
1174 4029 1247 4086 stelle¹

99 4129 342 4198 pertrahentem,
361 4130 507 4182 verworfen
525 4128 631 4181 worden
649 4128 695 4180 sei.
731 4127 757 4179 J.
776 4144 802 4180 r.
821 4143 843 4179 e.
866 4127 909 4177 B&
929 4125 970 4178 bia
987 4127 1009 4176 Β
1029 4128 1060 4177 3⁸
1073 4123 1127 4192 vgl.
1139 4115 1248 4174 Reucbliss

100 4234 121 4270 s.
142 4220 202 4270 315.
276 4217 370 4285 avgl.
396 4216 472 4270 oben.
544 4220 559 4268 3
578 4217 625 4268 Es
647 4215 831 4282 vermutbung‚
850 4215 881 4266 R.
900 4214 938 4266 sai
956 4213 985 4264 in
1003 4213 1070 4264 Rom
1088 4225 1208 4279 gesseron,
1223 4204 1248 4253 ili

101 4307 144 4357 oin
162 4306 287 4360 irrtburu:
307 4305 349 4357 dio
366 4305 476 4358 citatiore
495 4305 580 4356 berief
588 4304 765 4357 Hochstraten
782 4301 941 4370 perednlicb‚
960 4302 991 4354 R.
1004 4300 1089 4353 durch
1107 4289 1248 4353 oincnrach‘

102 4394 202 4448 ιιιΙιοι.
