2716 4898
652 255 695 320 46

93 446 194 511 oculis
210 452 242 510 et
258 446 307 510 his
322 443 470 509 manibus
486 444 604 509 librum
617 444 735 508 Iliados
748 446 927 508 Homerica
945 445 1091 528 quintam
1113 444 1163 507 his
1180 444 1257 507 milri

93 551 240 616 versibus
267 550 409 634 (semper
432 550 516 613 enim
542 571 636 614 versu
662 549 777 632 Apollo
802 551 898 614 edicit
925 548 948 635 ¹)
972 551 1019 613 ia
1043 549 1256 632 respondens:

302 673 328 722 Si
349 672 422 736 cupis
442 671 525 720 ltaliae
545 671 586 719 vel
606 671 698 737 praelia
717 671 821 720 Gallica
840 689 925 722 nosse.

302 760 397 809 Confer
414 752 480 810 lruic
501 759 568 810 libro
589 760 735 809 clarissima
755 762 860 808 nomina
879 761 974 825 gentis.

101 872 104 878 '
182 864 271 929 Inter
286 864 456 948 legendum
472 864 570 948 igitur
591 887 716 929 omnem
733 866 795 928 vim
819 864 896 930 belli
912 871 1080 948 totumque
1102 863 1259 947 praelium,

94 967 134 1034 de
151 970 293 1053 quoiam
310 975 403 1034 tanta
419 969 586 1050 famaest,
611 992 668 1054 ego
689 971 758 1054 ipse
779 972 872 1055 quasi
892 993 955 1035 non
975 970 1078 1035 solum
1101 967 1259 1046 affuerim,

94 1074 151 1139 sed
181 1082 214 1139 et
240 1074 441 1140 interfuerim
468 1097 605 1160 quoque
620 1076 781 1159 aspiciens
806 1076 957 1160 Lomperi
981 1074 1117 1140 Pallada
1142 1074 1260 1138 Miner-

93 1178 197 1244 valem
213 1179 360 1245 Diomedi
376 1179 528 1260 astitisse,
545 1181 703 1246 Venerem
720 1203 795 1246 vero
813 1188 845 1246 et
856 1181 1036 1264 Apollinem
1053 1181 1165 1244 AEneae
1177 1179 1260 1244 Hec-

93 1287 229 1370 torique.
276 1285 376 1350 Porro
400 1285 588 1350 Diomedem
613 1286 792 1370 profligatis
821 1287 966 1369 postibus
995 1287 1094 1351 etiam
1125 1285 1259 1350 Veneris

93 1412 208 1455 manus
224 1391 364 1474 graviter
380 1390 574 1455 vulnerasse.
607 1392 729 1457 Deinde
746 1392 850 1457 ioedus
866 1415 937 1457 cum
955 1393 1102 1475 Trojanis
1120 1392 1258 1455 Martem

93 1497 291 1580 percussisse
306 1495 398 1560 illum
420 1496 597 1562 terribilem
619 1498 723 1561 deum.
762 1498 862 1575 Quem
879 1497 934 1562 ubi
952 1497 964 1535 ²
980 1497 1155 1562 Diomedes
1173 1497 1260 1561 Troi-

93 1603 164 1667 anis
180 1603 364 1686 conjurasse
381 1603 549 1684 persensit,
565 1625 586 1668 a
600 1602 685 1667 bello
703 1604 855 1668 secedens
873 1604 980 1686 lugam
993 1604 1155 1685 cogitavit.
1182 1603 1260 1666 Rur-

93 1729 148 1772 sus
164 1707 295 1772 Pallade
312 1707 523 1786 confortatae,
541 1708 678 1772 Martem
696 1731 823 1792 quoque
841 1716 932 1773 tanto
953 1710 1077 1791 impetu
1093 1708 1259 1786 sauciavit,

93 1819 144 1891 ut,
168 1813 228 1876 nisi
251 1813 293 1878 sit
315 1813 407 1890 deus,
432 1835 503 1877 eum
526 1813 610 1877 forte
632 1815 702 1877 neci
723 1814 908 1878 dedidisset.
948 1812 1080 1896 Singula
1103 1815 1211 1896 tuipse
1234 1813 1259 1876 si

93 1917 180 1983 voles
198 1940 269 1982 cum
286 1918 455 2001 utriusque
472 1925 617 1982 nostrum
634 1921 773 1983 rimantis
790 1920 869 1983 simo
887 1919 1041 1983 Antistite
1058 1919 1259 2001 Vangienum

94 2023 278 2088 Camerario
296 2022 471 2106 Dalburgio
489 2023 639 2088 feliciter
655 2025 793 2106 perlege.
818 2025 849 2089 Is
866 2025 949 2088 enim
967 2025 1145 2088 Homerum
1162 2023 1259 2087 habet

93 2135 211 2207 totum,
235 2150 274 2192 ne
291 2149 349 2211 ego
365 2150 511 2193 morosus
528 2130 660 2193 nimium
679 2130 788 2194 ridear
804 2129 946 2212 aliquam
964 2130 1027 2193 tuis
1044 2129 1259 2194 auribusmc-

93 2234 221 2301 lectiam
238 2232 363 2298 afferre.
395 2234 465 2311 Qua
481 2235 564 2299 enim
581 2256 615 2298 es
633 2234 791 2311 doctrina,
808 2256 870 2318 quo
888 2235 994 2299 divino
1010 2235 1150 2317 ingenie,
1169 2234 1260 2299 facile

93 2339 253 2422 intelliges
269 2337 370 2422 quid³
387 2339 438 2403 cui
454 2339 682 2404 conferendum
699 2338 750 2404 sit.
781 2340 922 2404 Eneadae
939 2346 1047 2404 autem
1065 2346 1142 2405 sunt
1158 2340 1260 2405 Italici

94 2450 188 2528 gente
213 2443 272 2509 sub
298 2444 460 2510 Hectorea
485 2450 664 2509 tercentum
693 2466 794 2509 annos
821 2445 1002 2527 gubernati.
1043 2445 1217 2512 Diomedes
1241 2466 1259 2511 a

93 2550 177 2616 Iovis
192 2549 226 2614 id
247 2556 297 2614 est
313 2550 372 2614 Dei
393 2571 472 2614 cura
488 2549 795 2614 Christianissimum
818 2550 996 2632 principem
1018 2549 1190 2633 designare
1206 2573 1259 2635 pu-

93 2662 190 2720 tatur.
230 2655 369 2720 Martem
390 2661 501 2721 nostro
523 2676 619 2737 regne
637 2655 796 2733 tribuunt,
822 2656 978 2719 Venerem
995 2675 1016 2719 a
1031 2657 1131 2720 maris
1149 2678 1260 2740 spuma

95 2761 225 2825 Venetis
257 2761 435 2826 Minervam
465 2761 663 2824 Palladicam
692 2759 803 2824 Gallis.
850 2760 901 2824 Sic
931 2761 1014 2824 enim
1046 2761 1259 2844 Hieronymus

94 2871 208 2930 contra
224 2865 431 2948 Vigilantiam
448 2866 591 2949 scripsit:
610 2865 684 2930 Sola
702 2865 807 2929 Gallia
823 2872 967 2930 monstra
983 2888 1047 2931 non
1063 2866 1190 2946 habuit,
1207 2865 1259 2931 sed

93 2971 170 3036 viris
186 2992 313 3053 semper
326 2969 466 3058 fortibus
483 2977 516 3034 et
540 2970 809 3054 eloquentissimis
829 2970 1015 3036 abundavit.
1055 2971 1184 3036 Oaetera
1200 2978 1259 3034 tuae

93 3076 212 3140 mando
232 3075 414 3154 industria,
438 3081 538 3158 utque
559 3075 668 3140 valeas
684 3097 800 3159 meque
820 3097 907 3141 ames
925 3082 1010 3159 opto.
1049 3077 1100 3140 Ex
1116 3076 1259 3158 Tubinga

95 3187 115 3247 8
131 3181 243 3247 Kalen.
261 3180 407 3247 Sextiles.
439 3181 530 3245 Anno
551 3186 644 3246 1495.

184 3291 345 3351 Gedruckt:
374 3290 495 3348 1=C.
513 3309 538 3348 r.
557 3307 582 3348 e.
600 3284 744 3363 dbdiib3
772 3289 1156 3365 2=J.v.e.diiibra;
1184 3295 1258 3349 3:

95 3397 127 3458 (l.
144 3414 169 3457 v.
189 3415 213 3457 e.
232 3398 260 3455 ΙΙ
275 3396 325 3456 iol.
344 3393 403 3456 23b
421 3391 496 3467 24b3
522 3401 540 3454 4
559 3417 599 3449 =
616 3397 722 3455 Moller
737 3415 763 3456 a.
781 3415 807 3456 a.
825 3415 850 3455 0.
868 3378 899 3455 ss
912 3399 971 3454 551
991 3397 1011 3455 l.

167 3664 337 3734 [itihingen]
653 3576 704 3642 LI
1024 3668 1129 3732 August
1153 3668 1226 3716 1495.

94 3773 120 3848 J
121 3773 251 3846 oannis
265 3771 448 3846 Rcuchlin
463 3770 680 3845 Phorcensis
694 3769 1129 3870 adds>anrre1nliycrerrrn
1148 3771 1258 3868 vulgo

313 3922 358 3967 ex
377 3895 491 3993 Lupis
511 3894 556 3967 (le
574 3894 855 3990 llcrmansgriin
875 3893 1032 3965 (larrncn

93 4061 184 4127 lehnt
215 4059 265 4124 die
290 4057 531 4141 aufforderung,
564 4058 614 4122 die
646 4057 827 4139 belelmung
856 4056 1042 4122 Eberhards
1073 4078 1134 4121 von
1166 4057 1259 4120 Wirt·

169 4261 176 4304 l
198 4252 280 4304 edidit
301 4259 324 4303 2.
394 4257 408 4302 2
429 4253 476 4302 tibi
499 4257 522 4301 2.
592 4256 605 4299 3
627 4192 680 4299 uid
694 4256 715 4312 1,
739 4249 777 4297 als
798 4248 965 4298 druclrfehler
989 4265 1030 4297 um
1051 4249 1117 4299 ende
1141 4249 1186 4297 der
1205 4264 1258 4296 ans·

94 4347 163 4412 gabe
182 4344 332 4409 angefr'ihrt.
